1500229091,1689.000000000000,0.000089960000
1500229091,1689.000000000000,0.139887510000
1500229091,1689.000000000000,0.000000040000
1500229091,1689.000000000000,0.000000040000
1500229091,1689.000000000000,0.000000040000
1500229091,1689.000000000000,0.000000040000
1500229097,1689.000000000000,0.139900000000
1500229097,1689.000000000000,0.000000040000
1500229097,1689.000000000000,0.010800000000
1500229097,1688.660000000000,0.820163430000
1500229097,1689.000000000000,0.000000040000
1500229097,1689.000000000000,7.230632790000
1500229097,1689.000000000000,1.787409400000
1500229097,1689.000000000000,0.000224980000
1500229097,1689.000000000000,0.010800000000
1500229097,1689.000000000000,0.000000040000
1500229097,1688.660000000000,0.000000010000
1500229097,1689.000000000000,0.000000040000
1500229097,1689.000000000000,0.000000040000
1500229108,1688.999000000000,0.138353020000
1500229108,1688.999000000000,1.216169550000
1500229108,1688.999000000000,1.388131080000
1500229108,1688.999000000000,0.068680670000
1500229108,1688.999000000000,0.012741860000
1500229108,1688.999000000000,1.177437750000
1500229108,1688.999000000000,0.000000040000
1500229108,1688.999000000000,0.133400000000
1500229108,1688.999000000000,0.000000040000
1500229114,1688.990000000000,0.046405060000
1500229114,1688.990000000000,0.053594940000
1500229115,1688.660000000000,0.908905070000
1500229115,1688.999000000000,0.000000040000
1500229115,1688.660000000000,0.000000010000
1500229115,1688.999000000000,0.000000040000
1500229115,1688.999000000000,0.000000040000
1500229115,1688.999000000000,0.000000040000
1500229115,1688.660000000000,0.000940890000
1500229115,1688.999000000000,0.000000040000
1500229142,1688.660000000000,0.001000000000
1500229161,1688.660000000000,0.500000000000
1500229162,1688.660000000000,0.162400000000
1500229162,1688.660000000000,0.028745090000
1500229162,1688.660000000000,3.000000000000
1500229162,1688.660000000000,0.078554910000
1500229172,1688.660000000000,0.500000000000
1500229204,1688.660000000000,0.056852180000
1500229204,1688.660000000000,1.308854910000
1500229204,1688.660000000000,0.040000000000
1500229204,1688.660000000000,0.070000000000
1500229205,1688.660000000000,0.000000040000
1500229205,1688.660000000000,6.581076180000
1500229205,1688.660000000000,0.000000040000
1500229205,1688.660000000000,0.000000040000
1500229239,1688.660000000000,0.000000040000
1500229239,1688.660000000000,2.180678780000
1500229239,1688.660000000000,0.500000000000
1500229239,1688.660000000000,2.840277980000
1500229239,1688.660000000000,1.400000000000
1500229239,1688.660000000000,0.635194450000
1500229239,1688.660000000000,0.000000040000
1500229239,1688.660000000000,0.000000040000
1500229239,1688.660000000000,0.000000010000
1500229239,1688.660000000000,0.028620610000
1500229239,1688.660000000000,0.443780000000
1500229239,1688.660000000000,0.000000040000
1500229250,1688.000000000000,0.279800000000
1500229271,1688.000000000000,2.840202080000
1500229288,1688.000000000000,1.925283520000
1500229288,1688.000000000000,2.840202080000
1500229288,1688.000000000000,0.000000040000
1500229288,1688.000000000000,0.009980000000
1500229288,1688.000000000000,0.000000040000
1500229313,1686.681000000000,0.027987320000
1500229313,1686.681000000000,0.000000040000
1500229313,1686.681000000000,0.143744060000
1500229313,1686.681000000000,0.000000040000
1500229313,1686.681000000000,0.000000040000
1500229313,1686.681000000000,0.000000040000
1500229357,1686.681000000000,0.000000040000
1500229357,1686.681000000000,0.418090960000
1500229357,1686.681000000000,1.643384050000
1500229357,1685.100000000000,0.054911160000
1500229357,1686.681000000000,0.011000000000
1500229357,1685.100000000000,2.883613790000
1500229375,1685.000000000000,0.109800000000
1500229375,1685.000000000000,0.059100000000
1500229375,1685.100000000000,4.997386210000
1500229375,1685.100000000000,0.000000040000
1500229376,1685.100000000000,0.000000040000
1500229376,1685.100000000000,0.120000000000
1500229376,1681.810000000000,0.000000040000
1500229376,1680.251000000000,0.000500000000
1500229376,1680.251000000000,0.181200000000
1500229376,1681.810000000000,1.295940600000
1500229376,1680.259000000000,0.010567130000
1500229376,1681.480000000000,0.000000040000
1500229376,1681.480000000000,0.000000040000
1500229430,1680.252000000000,0.000000040000
1500229430,1680.250000000000,4.999931530000
1500229430,1680.252000000000,0.000000040000
1500229430,1680.252000000000,0.000000040000
1500229430,1680.252000000000,0.000000040000
1500229430,1680.250000000000,0.000000010000
1500229430,1680.252000000000,0.000000040000
1500229432,1680.252000000000,0.000000040000
1500229432,1680.252000000000,0.000000040000
1500229432,1680.252000000000,0.000000040000
1500229432,1680.252000000000,0.000000040000
1500229432,1680.252000000000,0.000000040000
1500229432,1680.250000000000,0.000000010000
1500229433,1680.252000000000,0.000000040000
1500229433,1680.252000000000,0.000000040000
1500229433,1680.252000000000,0.000000040000
1500229433,1680.250000000000,0.000000010000
1500229433,1680.252000000000,0.000000040000
1500229433,1680.252000000000,0.000000040000
1500229434,1680.252000000000,0.000000040000
1500229434,1680.252000000000,0.000000040000
1500229434,1680.252000000000,0.000000040000
1500229434,1680.252000000000,0.000000040000
1500229434,1680.252000000000,0.000000040000
1500229435,1680.252000000000,0.000000040000
1500229435,1680.250000000000,0.000000010000
1500229435,1680.252000000000,0.000000040000
1500229435,1680.252000000000,0.000000040000
1500229435,1680.252000000000,0.000000040000
1500229435,1680.252000000000,0.000000040000
1500229437,1680.000000000000,0.000000040000
1500229437,1679.000000000000,0.018685940000
1500229437,1680.000000000000,0.000000040000
1500229437,1679.036000000000,0.120983800000
1500229437,1680.000000000000,0.011820000000
1500229437,1680.000000000000,0.000000040000
1500229437,1680.000000000000,0.000000040000
1500229437,1679.400000000000,4.465880000000
1500229437,1680.250000000000,45.050068430000
1500229437,1680.252000000000,0.000000040000
1500229440,1680.000000000000,0.000000030000
1500229440,1680.000000000000,0.000000040000
1500229440,1680.000000000000,0.000000030000
1500229440,1677.535000000000,6.999932770000
1500229440,1680.000000000000,0.000000030000
1500229440,1680.000000000000,0.000000030000
1500229449,1675.140000000000,0.200000000000
1500229449,1675.140000000000,0.001142560000
1500229449,1675.140000000000,0.026500000000
1500229449,1675.990000000000,0.010600000000
1500229449,1675.990000000000,0.000000040000
1500229449,1675.140000000000,0.200000000000
1500229449,1675.140000000000,0.200000000000
1500229449,1675.140000000000,0.200000000000
1500229449,1675.140000000000,0.200000000000
1500229449,1675.074000000000,0.000001890000
1500229449,1675.074000000000,0.058403850000
1500229449,1675.990000000000,0.000000040000
1500229449,1675.074000000000,0.000000010000
1500229449,1675.990000000000,0.070200000000
1500229449,1675.990000000000,0.000000040000
1500229449,1675.990000000000,0.000000040000
1500229449,1675.990000000000,0.000000040000
1500229488,1675.074000000000,0.012900000000
1500229500,1675.074000000000,0.019100000000
1500229519,1675.074000000000,0.035670000000
1500229536,1675.074000000000,0.264330000000
1500229537,1675.074000000000,0.029833110000
1500229537,1675.074000000000,1.473751590000
1500229537,1675.074000000000,0.000000040000
1500229537,1675.074000000000,0.001527860000
1500229537,1675.074000000000,1.013801720000
1500229537,1675.074000000000,0.000000040000
1500229537,1675.074000000000,0.876688670000
1500229543,1675.000000000000,0.000000030000
1500229543,1672.000000000000,0.016279930000
1500229543,1675.000000000000,0.000597010000
1500229543,1672.000000000000,0.020023030000
1500229562,1672.000000000000,0.017055660000
1500229574,1672.000000000000,1.000000000000
1500229574,1672.000000000000,0.066800000000
1500229588,1672.000000000000,0.123320850000
1500229588,1672.000000000000,0.142652660000
1500229588,1672.000000000000,0.021623720000
1500229605,1672.000000000000,0.001000000000
1500229605,1672.000000000000,0.028620610000
1500229605,1672.000000000000,0.032100000000
1500229605,1672.000000000000,0.581500310000
1500229605,1672.000000000000,0.261706310000
1500229605,1672.000000000000,0.013090600000
1500229605,1672.000000000000,0.133200000000
1500229605,1672.000000000000,0.021011660000
1500229605,1672.000000000000,0.418873670000
1500229605,1672.000000000000,0.184304390000
1500229605,1672.000000000000,0.001000000000
1500229605,1672.000000000000,0.416372000000
1500229605,1672.000000000000,0.373917150000
1500229605,1672.000000000000,0.394444570000
1500229605,1672.000000000000,0.000000040000
1500229605,1671.990000000000,1.337000000000
1500229605,1671.990000000000,1.163000000000
1500229605,1672.000000000000,0.050000000000
1500229605,1672.000000000000,1.656736270000
1500229605,1672.000000000000,0.000000040000
1500229605,1672.000000000000,0.293263730000
1500229605,1671.900000000000,4.537989560000
1500229605,1672.000000000000,0.056852180000
1500229605,1671.900000000000,0.000000040000
1500229605,1672.000000000000,0.000000040000
1500229605,1672.000000000000,0.908905070000
1500229605,1672.000000000000,0.219490000000
1500229605,1672.000000000000,0.091376040000
1500229605,1672.000000000000,0.881146100000
1500229605,1671.900000000000,0.000000040000
1500229605,1672.000000000000,0.943032720000
1500229629,1671.900000000000,0.012470730000
1500229641,1671.900000000000,0.001593310000
1500229647,1671.900000000000,0.008509660000
1500229647,1671.900000000000,0.000000030000
1500229647,1671.900000000000,0.036839960000
1500229647,1671.900000000000,0.954583520000
1500229647,1671.900000000000,1.959055980000
1500229647,1671.900000000000,0.011000000000
1500229647,1671.900000000000,0.001142560000
1500229647,1671.900000000000,0.026500000000
1500229647,1671.900000000000,0.002301460000
1500229647,1671.900000000000,0.000000030000
1500229653,1671.900000000000,0.000000030000
1500229653,1671.900000000000,0.000000030000
1500229653,1671.900000000000,0.027733200000
1500229653,1671.900000000000,0.000000030000
1500229653,1671.900000000000,0.000000030000
1500229653,1671.900000000000,0.000000030000
1500229658,1671.900000000000,0.000000030000
1500229658,1671.900000000000,0.049933350000
1500229658,1671.900000000000,0.000000030000
1500229658,1671.900000000000,0.000000030000
1500229658,1671.900000000000,0.000000030000
1500229658,1671.900000000000,0.000000030000
1500229668,1671.900000000000,0.000000030000
1500229669,1671.900000000000,2.999933500000
1500229669,1671.900000000000,0.000000030000
1500229669,1671.900000000000,0.000000030000
1500229669,1671.900000000000,0.000000030000
1500229669,1671.900000000000,0.000000030000
1500229673,1671.900000000000,0.014700580000
1500229678,1671.900000000000,0.007299420000
1500229678,1671.900000000000,0.022500580000
1500229678,1671.900000000000,0.202745090000
1500229678,1671.900000000000,0.000000030000
1500229678,1671.900000000000,0.024754330000
1500229678,1671.900000000000,0.000000030000
1500229678,1671.900000000000,0.000000030000
1500229678,1671.900000000000,0.000000030000
1500229678,1671.900000000000,7.175179320000
1500229683,1671.900000000000,0.047190000000
1500229684,1671.900000000000,0.636349400000
1500229684,1671.900000000000,0.065680000000
1500229684,1671.900000000000,0.000000030000
1500229684,1671.900000000000,0.299933770000
1500229684,1671.900000000000,0.000000030000
1500229684,1671.900000000000,0.000000030000
1500229684,1671.900000000000,0.000000030000
1500229684,1671.900000000000,0.000000030000
1500229690,1671.900000000000,0.016688460000
1500229690,1671.900000000000,0.000000030000
1500229690,1671.900000000000,0.000000030000
1500229690,1671.900000000000,0.000000030000
1500229690,1671.900000000000,0.000000030000
1500229690,1671.900000000000,0.000000030000
1500229701,1671.900000000000,0.000000030000
1500229701,1671.900000000000,0.000000030000
1500229701,1671.900000000000,0.000000030000
1500229701,1671.900000000000,0.000000030000
1500229701,1671.900000000000,0.060434070000
1500229701,1671.900000000000,0.000000030000
1500229701,1671.900000000000,0.110000000000
1500229707,1671.900000000000,0.000000030000
1500229707,1671.900000000000,0.071434220000
1500229707,1671.900000000000,0.000000030000
1500229707,1671.900000000000,0.000000030000
1500229707,1671.900000000000,0.000000030000
1500229707,1671.900000000000,0.000000030000
1500229712,1671.900000000000,0.000000030000
1500229712,1671.900000000000,0.062034370000
1500229712,1671.900000000000,0.000000030000
1500229712,1671.900000000000,0.000000030000
1500229712,1671.900000000000,0.000000030000
1500229712,1671.900000000000,0.000000030000
1500229742,1671.900000000000,0.000000030000
1500229742,1671.900000000000,0.000000030000
1500229742,1671.900000000000,4.999934520000
1500229742,1671.900000000000,0.000000030000
1500229742,1671.900000000000,0.000000030000
1500229742,1671.900000000000,0.000000030000
1500229746,1671.900000000000,0.000000030000
1500229746,1671.900000000000,0.000000030000
1500229746,1671.900000000000,0.001384120000
1500229746,1671.900000000000,0.000000030000
1500229746,1671.900000000000,0.000000030000
1500229746,1671.900000000000,0.000000030000
1500229755,1671.900000000000,0.000000030000
1500229755,1671.900000000000,0.000000030000
1500229755,1671.900000000000,0.000000030000
1500229755,1671.900000000000,0.015410900000
1500229755,1671.900000000000,0.000000030000
1500229755,1671.900000000000,0.000000030000
1500229764,1671.900000000000,0.000000030000
1500229764,1671.900000000000,0.014199970000
1500229764,1671.900000000000,0.000000030000
1500229764,1671.900000000000,0.000000030000
1500229764,1671.900000000000,0.000000030000
1500229764,1671.900000000000,0.000000030000
1500229769,1671.900000000000,0.000000030000
1500229769,1671.900000000000,0.009935110000
1500229769,1671.900000000000,0.000000030000
1500229769,1671.900000000000,0.000000030000
1500229769,1671.900000000000,0.000000030000
1500229769,1671.900000000000,0.000000030000
1500229773,1671.900000000000,0.014189020000
1500229773,1671.900000000000,0.000000030000
1500229773,1671.900000000000,0.000000030000
1500229773,1671.900000000000,0.000000030000
1500229773,1671.900000000000,0.000000030000
1500229773,1671.900000000000,0.000000030000
1500229782,1671.900000000000,0.000000030000
1500229782,1671.900000000000,0.010035410000
1500229782,1671.900000000000,0.000000030000
1500229782,1671.900000000000,0.000000030000
1500229782,1671.900000000000,0.000000030000
1500229782,1671.900000000000,0.000000030000
1500229786,1671.900000000000,4.797190470000
1500229786,1671.900000000000,0.000000030000
1500229786,1671.900000000000,0.202745090000
1500229786,1671.900000000000,0.000000030000
1500229786,1671.900000000000,0.000000030000
1500229786,1671.900000000000,0.000000030000
1500229790,1671.900000000000,0.000000030000
1500229790,1671.900000000000,0.000000030000
1500229790,1671.900000000000,0.000000030000
1500229790,1671.900000000000,0.000000030000
1500229790,1671.900000000000,0.000000030000
1500229790,1671.900000000000,0.001685680000
1500229795,1671.900000000000,0.000000030000
1500229795,1671.900000000000,0.000000030000
1500229795,1671.900000000000,0.041435830000
1500229795,1671.900000000000,0.000000030000
1500229795,1671.900000000000,0.000000030000
1500229795,1671.900000000000,0.000000030000
1500229799,1671.900000000000,0.018020680000
1500229799,1671.900000000000,0.181913840000
1500229799,1671.900000000000,0.000065480000
1500229799,1671.900000000000,0.000000030000
1500229799,1671.900000000000,0.000000030000
1500229799,1671.900000000000,0.000000030000
1500229799,1671.900000000000,0.000000030000
1500229812,1671.900000000000,0.000000030000
1500229812,1671.900000000000,0.999936100000
1500229812,1671.900000000000,0.000000030000
1500229812,1671.900000000000,0.000000030000
1500229812,1671.900000000000,0.000000030000
1500229812,1671.900000000000,0.000000030000
1500229815,1671.900000000000,0.000000030000
1500229815,1671.900000000000,0.000000030000
1500229815,1671.900000000000,0.000000030000
1500229815,1671.900000000000,0.021329140000
1500229815,1671.900000000000,0.000000030000
1500229815,1671.900000000000,0.000000030000
1500229824,1671.900000000000,2.000000000000
1500229824,1671.900000000000,0.000065630000
1500229836,1671.900000000000,2.000000000000
1500229836,1671.900000000000,0.065000000000
1500229836,1671.900000000000,0.010598540000
1500229836,1671.900000000000,0.019100000000
1500229836,1671.900000000000,0.047190000000
1500229836,1671.900000000000,0.017055660000
1500229837,1671.900000000000,0.636349400000
1500229837,1671.900000000000,0.065680000000
1500229837,1671.900000000000,0.110000000000
1500229837,1671.900000000000,0.000000030000
1500229837,1671.900000000000,0.000000030000
1500229837,1671.900000000000,0.000000030000
1500229837,1671.900000000000,0.000000030000
1500229837,1671.900000000000,16.649936400000
1500229837,1671.900000000000,0.000000030000
1500229843,1671.900000000000,0.000000030000
1500229843,1671.900000000000,0.000000030000
1500229843,1671.900000000000,0.000000030000
1500229843,1671.900000000000,0.049936550000
1500229843,1671.900000000000,0.000000030000
1500229843,1671.900000000000,0.000000030000
1500229851,1671.900000000000,0.011914580000
1500229851,1671.900000000000,0.000000030000
1500229851,1671.900000000000,0.000000030000
1500229851,1671.900000000000,0.000000030000
1500229851,1671.900000000000,0.000000030000
1500229851,1671.900000000000,0.000000030000
1500229863,1671.900000000000,0.017200000000
1500229863,1671.900000000000,0.029700000000
1500229863,1671.900000000000,0.071600000000
1500229863,1671.900000000000,0.000000030000
1500229863,1671.900000000000,0.000000030000
1500229863,1671.900000000000,0.081500000000
1500229863,1671.900000000000,0.000000030000
1500229863,1671.900000000000,0.000000030000
1500229863,1671.900000000000,0.040434370000
1500229866,1671.900000000000,0.042136970000
1500229866,1671.900000000000,0.000000030000
1500229866,1671.900000000000,0.000000030000
1500229867,1671.900000000000,0.000000030000
1500229867,1671.900000000000,0.000000030000
1500229867,1671.900000000000,0.000000030000
1500229880,1671.900000000000,1.000000000000
1500229883,1671.900000000000,0.000064020000
1500229884,1671.900000000000,0.182300000000
1500229884,1671.900000000000,0.000062880000
1500229884,1671.900000000000,0.082900000000
1500229889,1671.900000000000,0.000064740000
1500229889,1671.900000000000,0.288564520000
1500229889,1671.900000000000,0.000066650000
1500229889,1671.900000000000,0.010300000000
1500229889,1671.900000000000,0.010900000000
1500229893,1671.900000000000,0.000000030000
1500229893,1671.900000000000,0.049937120000
1500229893,1671.900000000000,0.000000030000
1500229893,1671.900000000000,0.000000030000
1500229893,1671.900000000000,0.000000030000
1500229893,1671.900000000000,0.000000030000
1500229898,1671.900000000000,0.119000000000
1500229908,1671.900000000000,0.400000000000
1500229913,1671.900000000000,7.000000000000
1500229933,1671.900000000000,0.018900000000
1500229933,1671.900000000000,0.912402550000
1500229933,1671.900000000000,0.221780000000
1500229933,1671.900000000000,1.087597450000
1500229937,1671.900000000000,0.200000000000
1500229938,1671.900000000000,0.010469030000
1500229941,1671.900000000000,0.027960180000
1500229965,1671.900000000000,0.001196240000
1500229978,1671.900000000000,0.053531880000
1500229978,1671.900000000000,1.000000000000
1500229978,1671.900000000000,0.026570790000
1500229978,1671.900000000000,0.239320000000
1500229978,1671.900000000000,3.680514600000
1500229978,1671.900000000000,0.000000030000
1500229987,1671.900000000000,0.100000000000
1500230010,1671.900000000000,0.000179430000
1500230014,1671.900000000000,0.038600000000
1500230019,1671.900000000000,0.000000030000
1500230019,1671.900000000000,0.000000030000
1500230019,1671.900000000000,0.000000030000
1500230019,1671.900000000000,0.361400000000
1500230019,1671.900000000000,0.000000030000
1500230027,1671.900000000000,0.000000030000
1500230027,1671.900000000000,0.000000030000
1500230027,1671.900000000000,0.000000030000
1500230027,1671.900000000000,0.107237420000
1500230027,1671.900000000000,0.000000030000
1500230027,1671.900000000000,0.000000030000
1500230032,1671.103000000000,0.000000030000
1500230032,1671.103000000000,5.385664430000
1500230032,1671.900000000000,0.000000030000
1500230032,1671.103000000000,0.100000000000
1500230032,1671.103000000000,0.000000030000
1500230032,1670.676000000000,0.109445020000
1500230032,1671.900000000000,2.247322960000
1500230032,1671.900000000000,0.050525870000
1500230032,1671.900000000000,0.030000000000
1500230032,1671.900000000000,0.641737510000
1500230039,1670.009000000000,0.032551590000
1500230039,1670.009000000000,0.000000030000
1500230039,1668.166000000000,0.239685620000
1500230039,1670.009000000000,0.051500000000
1500230039,1670.009000000000,0.024800000000
1500230039,1670.009000000000,0.000000030000
1500230039,1668.161000000000,0.000170990000
1500230039,1670.009000000000,0.000000030000
1500230039,1664.970000000000,0.020800000000
1500230039,1668.501000000000,0.000000030000
1500230039,1664.969000000000,0.060061170000
1500230039,1670.009000000000,1.900000000000
1500230039,1668.501000000000,0.000000030000
1500230049,1668.501000000000,0.093500000000
1500230049,1668.501000000000,0.181934210000
1500230055,1668.490000000000,0.107800000000
1500230055,1668.490000000000,0.016765790000
1500230055,1668.490000000000,0.000000030000
1500230059,1664.770000000000,0.000000030000
1500230059,1664.010000000000,0.050889000000
1500230064,1663.729000000000,0.495744100000
1500230064,1663.729000000000,0.504255900000
1500230069,1663.596000000000,0.221600000000
1500230073,1663.580000000000,0.290000000000
1500230073,1663.580000000000,0.199079980000
1500230079,1663.580000000000,0.289712120000
1500230116,1663.580000000000,0.023818940000
1500230116,1663.580000000000,0.002581060000
1500230116,1663.580000000000,0.054776000000
1500230120,1663.580000000000,0.000000030000
1500230120,1663.580000000000,0.447920410000
1500230120,1663.580000000000,0.523000000000
1500230120,1663.580000000000,0.000000030000
1500230120,1663.580000000000,0.000000030000
1500230120,1663.580000000000,7.265332450000
1500230120,1663.580000000000,1.101667550000
1500230120,1663.580000000000,0.000000030000
1500230120,1663.580000000000,0.000000030000
1500230125,1663.580000000000,0.000000030000
1500230125,1663.580000000000,0.267510850000
1500230125,1663.580000000000,0.000000030000
1500230125,1663.580000000000,0.000000030000
1500230125,1663.580000000000,0.000000030000
1500230125,1663.580000000000,0.000000030000
1500230129,1663.580000000000,0.313967790000
1500230129,1663.580000000000,0.586032210000
1500230130,1663.580000000000,0.000000030000
1500230130,1663.580000000000,0.000000030000
1500230130,1663.580000000000,0.000000030000
1500230130,1663.580000000000,0.000000030000
1500230140,1663.580000000000,0.000000030000
1500230140,1663.580000000000,0.832070140000
1500230140,1663.580000000000,0.000000030000
1500230140,1663.580000000000,0.000000030000
1500230140,1663.580000000000,0.000000030000
1500230140,1663.580000000000,0.000000030000
1500230151,1663.580000000000,0.000000030000
1500230151,1663.580000000000,1.000000000000
1500230151,1663.580000000000,3.999938130000
1500230151,1663.580000000000,0.000000030000
1500230151,1663.580000000000,0.000000030000
1500230151,1663.580000000000,0.000000030000
1500230153,1663.580000000000,0.000000030000
1500230153,1663.580000000000,0.000000030000
1500230153,1663.580000000000,0.077311660000
1500230153,1663.580000000000,0.000000030000
1500230153,1663.580000000000,0.000000030000
1500230153,1663.580000000000,0.000000030000
1500230156,1663.580000000000,0.000000030000
1500230156,1663.580000000000,0.205581000000
1500230156,1663.580000000000,0.000000030000
1500230156,1663.580000000000,0.000000030000
1500230156,1663.580000000000,0.000000030000
1500230156,1663.580000000000,0.000000030000
1500230161,1663.580000000000,0.068700000000
1500230161,1663.580000000000,0.011300000000
1500230161,1663.580000000000,0.000000030000
1500230161,1663.580000000000,0.005138550000
1500230161,1663.580000000000,0.000000030000
1500230161,1663.580000000000,0.000000030000
1500230161,1663.580000000000,0.000000030000
1500230174,1663.580000000000,0.324601130000
1500230174,1663.580000000000,0.000000030000
1500230174,1663.580000000000,0.000000030000
1500230174,1663.580000000000,0.000000030000
1500230174,1663.580000000000,0.000000030000
1500230174,1663.580000000000,0.000000030000
1500230178,1663.580000000000,0.000000030000
1500230178,1663.580000000000,0.000000030000
1500230178,1663.580000000000,0.000000030000
1500230178,1663.580000000000,0.000000030000
1500230178,1663.580000000000,0.000000030000
1500230178,1663.580000000000,0.800219740000
1500230187,1663.580000000000,0.000000030000
1500230187,1663.580000000000,1.570838320000
1500230187,1663.580000000000,0.000000030000
1500230187,1663.580000000000,0.000000030000
1500230187,1663.580000000000,0.000000030000
1500230187,1663.580000000000,0.000000030000
1500230194,1663.580000000000,0.008130000000
1500230195,1663.580000000000,0.000000030000
1500230195,1663.580000000000,6.541809120000
1500230195,1663.580000000000,0.000000030000
1500230195,1663.580000000000,0.000000030000
1500230195,1663.580000000000,0.000000030000
1500230198,1663.580000000000,0.000000030000
1500230198,1663.580000000000,0.091039240000
1500230198,1663.580000000000,0.000000030000
1500230198,1663.580000000000,0.000000030000
1500230198,1663.580000000000,0.000000030000
1500230198,1663.580000000000,0.000000030000
1500230201,1663.580000000000,0.000000030000
1500230201,1663.580000000000,0.000000030000
1500230201,1663.580000000000,0.000000030000
1500230201,1663.580000000000,0.025439390000
1500230201,1663.580000000000,0.000000030000
1500230201,1663.580000000000,0.000000030000
1500230215,1663.580000000000,0.010700000000
1500230226,1663.580000000000,0.000060610000
1500230230,1663.580000000000,0.000060460000
1500230231,1663.580000000000,0.000000030000
1500230231,1663.580000000000,0.074178930000
1500230231,1663.580000000000,0.033601810000
1500230231,1663.580000000000,0.000000030000
1500230231,1663.580000000000,0.000000030000
1500230235,1663.580000000000,0.000000030000
1500230235,1663.580000000000,0.183139630000
1500230235,1663.580000000000,0.000000030000
1500230235,1663.580000000000,0.000000030000
1500230235,1663.580000000000,0.000000030000
1500230235,1663.580000000000,0.000000030000
1500230248,1663.580000000000,0.000068790000
1500230248,1663.580000000000,3.195248030000
1500230248,1663.580000000000,1.007683180000
1500230254,1663.580000000000,0.000001110000
1500230254,1663.580000000000,0.000000030000
1500230254,1663.580000000000,0.000000030000
1500230254,1663.580000000000,0.000000030000
1500230254,1663.580000000000,0.000000030000
1500230254,1663.580000000000,0.000000030000
1500230259,1663.580000000000,0.000000030000
1500230259,1663.580000000000,0.000002360000
1500230259,1663.580000000000,5.000000000000
1500230259,1663.580000000000,0.000000030000
1500230259,1663.580000000000,0.000000030000
1500230259,1663.580000000000,0.000000030000
1500230259,1663.580000000000,0.000000030000
1500230270,1663.580000000000,0.066420000000
1500230273,1663.580000000000,0.375662130000
1500230273,1663.579000000000,0.038400000000
1500230273,1663.580000000000,0.000000030000
1500230273,1663.579000000000,0.014184760000
1500230273,1663.579000000000,0.100000000000
1500230273,1663.580000000000,0.445290180000
1500230273,1663.580000000000,0.000000030000
1500230273,1663.579000000000,0.000000030000
1500230273,1663.580000000000,34.677439220000
1500230273,1663.527000000000,0.042229800000
1500230273,1663.579000000000,0.000000030000
1500230273,1663.130000000000,0.065100000000
1500230273,1663.579000000000,0.000000030000
1500230273,1663.500000000000,0.500000000000
1500230276,1660.100000000000,1.992316820000
1500230276,1660.100000000000,0.500000000000
1500230276,1660.100000000000,0.005000000000
1500230276,1660.100000000000,0.500000000000
1500230277,1660.100000000000,0.023000000000
1500230282,1660.100000000000,1.085245770000
1500230282,1660.100000000000,0.299213460000
1500230282,1660.100000000000,0.074077680000
1500230286,1660.100000000000,2.864357100000
1500230286,1660.100000000000,2.956770000000
1500230286,1660.100000000000,0.043230000000
1500230286,1660.100000000000,0.295475490000
1500230289,1660.100000000000,0.100000000000
1500230291,1660.100000000000,0.230494280000
1500230291,1660.100000000000,0.210493730000
1500230291,1660.100000000000,0.052064470000
1500230291,1660.100000000000,0.010500000000
1500230292,1660.100000000000,4.496447520000
1500230292,1660.100000000000,0.038600000000
1500230318,1660.100000000000,0.001204740000
1500230329,1660.100000000000,0.021100000000
1500230329,1660.100000000000,0.000846910000
1500230329,1660.100000000000,0.978900000000
1500230334,1660.100000000000,5.000000000000
1500230340,1662.997000000000,0.443267280000
1500230340,1660.100000000000,52.432000000000
1500230350,1660.100000000000,0.352840320000
1500230354,1660.100000000000,0.890460060000
1500230360,1660.100000000000,0.139727040000
1500230368,1660.100000000000,0.098100000000
1500230381,1660.100000000000,0.642350840000
1500230381,1660.100000000000,8.880000000000
1500230381,1660.100000000000,0.040255830000
1500230381,1660.100000000000,0.386544400000
1500230381,1660.100000000000,0.022396330000
1500230381,1660.100000000000,0.075311380000
1500230381,1660.100000000000,0.024688620000
1500230381,1660.100000000000,5.500000000000
1500230381,1660.100000000000,0.663490360000
1500230381,1660.100000000000,2.000000000000
1500230381,1660.100000000000,0.008000000000
1500230381,1660.100000000000,0.130000000000
1500230405,1660.100000000000,0.024517670000
1500230405,1660.100000000000,0.022225670000
1500230405,1660.100000000000,0.205111860000
1500230405,1660.100000000000,0.171421120000
1500230414,1660.100000000000,0.057060150000
1500230417,1660.100000000000,0.012010000000
1500230420,1660.100000000000,0.108200000000
1500230423,1660.100000000000,5.000000000000
1500230426,1660.100000000000,0.063378600000
1500230426,1660.100000000000,0.001204740000
1500230434,1660.100000000000,0.100000000000
1500230434,1660.100000000000,0.500000000000
1500230437,1660.100000000000,1.255968610000
1500230453,1660.100000000000,0.075311380000
1500230453,1660.100000000000,0.024688620000
1500230457,1660.100000000000,0.224548060000
1500230457,1660.100000000000,0.122593030000
1500230457,1660.100000000000,0.039670000000
1500230457,1660.100000000000,0.010000000000
1500230457,1660.100000000000,0.603188910000
1500230460,1660.100000000000,1.000000000000
1500230464,1660.100000000000,0.238811090000
1500230464,1660.100000000000,0.067181470000
1500230471,1660.100000000000,0.000060610000
1500230471,1660.100000000000,0.087300000000
1500230481,1660.100000000000,0.081232230000
1500230505,1660.100000000000,0.007335090000
1500230526,1660.100000000000,0.046985120000
1500230529,1660.100000000000,1.945000000000
1500230538,1660.100000000000,0.123500000000
1500230545,1660.100000000000,0.659200000000
1500230548,1660.100000000000,0.100000000000
1500230569,1660.100000000000,1.000000000000
1500230580,1660.100000000000,0.300000000000
1500230595,1660.100000000000,0.828500620000
1500230596,1660.100000000000,1.014229380000
1500230616,1660.100000000000,0.050000000000
1500230620,1660.100000000000,0.108600000000
1500230655,1660.100000000000,0.100000000000
1500230655,1660.100000000000,0.200000000000
1500230655,1660.100000000000,0.075311380000
1500230655,1660.100000000000,0.007022230000
1500230655,1660.100000000000,0.000940820000
1500230655,1660.100000000000,0.016725570000
1500230670,1660.100000000000,0.083274430000
1500230670,1660.100000000000,0.016725570000
1500230676,1660.100000000000,0.097300000000
1500230676,1660.100000000000,0.122200000000
1500230696,1660.100000000000,0.094313920000
1500230702,1660.100000000000,0.016725570000
1500230702,1660.100000000000,0.000000030000
1500230702,1660.100000000000,0.000000030000
1500230702,1660.100000000000,0.082340100000
1500230702,1660.100000000000,0.033274430000
1500230702,1660.100000000000,0.050000000000
1500230702,1660.100000000000,0.000000010000
1500230702,1660.100000000000,0.000000030000
1500230702,1660.100000000000,0.000000030000
1500230707,1660.100000000000,0.736750990000
1500230707,1660.100000000000,0.417659240000
1500230707,1660.100000000000,0.000000030000
1500230707,1660.100000000000,0.000000030000
1500230707,1660.100000000000,0.000000030000
1500230707,1660.100000000000,0.000000030000
1500230707,1660.100000000000,0.000000030000
1500230715,1657.760000000000,0.013000000000
1500230715,1657.760000000000,0.068988070000
1500230715,1657.760000000000,0.071424480000
1500230715,1657.760000000000,49.477000000000
1500230718,1657.760000000000,0.087802590000
1500230729,1658.099000000000,0.453662020000
1500230734,1658.099000000000,0.388000000000
1500230740,1658.099000000000,0.151486170000
1500230740,1658.099000000000,0.068988070000
1500230741,1658.099000000000,0.073346370000
1500230741,1658.099000000000,0.094580940000
1500230741,1657.760000000000,0.112566450000
1500230744,1658.099000000000,1.370774080000
1500230747,1657.760000000000,0.131800000000
1500230747,1658.099000000000,0.132600540000
1500230753,1658.100000000000,1.205176280000
1500230757,1657.760000000000,0.040646650000
1500230759,1658.100000000000,0.184221990000
1500230759,1658.100000000000,0.060282030000
1500230759,1658.100000000000,0.114449490000
1500230760,1657.770000000000,0.084134980000
1500230760,1658.100000000000,0.000000030000
1500230760,1658.100000000000,0.579763990000
1500230760,1657.766000000000,0.083274430000
1500230760,1658.100000000000,0.042504490000
1500230760,1658.100000000000,0.301180000000
1500230760,1658.100000000000,0.000000030000
1500230760,1658.100000000000,0.000000030000
1500230760,1657.761000000000,0.243930180000
1500230760,1658.100000000000,0.000000030000
1500230760,1658.100000000000,0.000000030000
1500230763,1657.760000000000,0.003725230000
1500230763,1657.760000000000,0.007274770000
1500230763,1657.760000000000,0.014700000000
1500230763,1658.999000000000,0.000000030000
1500230763,1657.761000000000,0.782015360000
1500230763,1658.999000000000,0.000000030000
1500230763,1658.999000000000,0.000000030000
1500230763,1658.999000000000,0.000000030000
1500230763,1658.999000000000,0.000000030000
1500230763,1657.760000000000,3.096792380000
1500230763,1657.760000000000,0.063875900000
1500230763,1657.760000000000,0.038700000000
1500230766,1657.760000000000,0.205307700000
1500230769,1657.760000000000,0.914744470000
1500230769,1657.760000000000,0.794692300000
1500230769,1657.760000000000,1.212233780000
1500230775,1657.760000000000,0.000000030000
1500230775,1657.760000000000,0.000000030000
1500230775,1657.760000000000,0.000000030000
1500230775,1657.760000000000,0.000000030000
1500230775,1657.760000000000,0.267030590000
1500230775,1657.760000000000,0.000000030000
1500230782,1657.760000000000,0.027409000000
1500230782,1657.760000000000,0.940446210000
1500230782,1657.760000000000,0.545531590000
1500230782,1657.760000000000,1.212366320000
1500230782,1657.760000000000,1.212366320000
1500230782,1657.760000000000,0.017034010000
1500230782,1657.760000000000,0.208950050000
1500230782,1657.760000000000,0.185257910000
1500230782,1657.760000000000,0.015674590000
1500230782,1657.760000000000,0.326179670000
1500230782,1657.760000000000,2.788237450000
1500230782,1657.760000000000,0.204054110000
1500230782,1657.760000000000,1.212366320000
1500230784,1657.760000000000,0.513222080000
1500230784,1657.760000000000,1.212366320000
1500230784,1657.760000000000,0.060455330000
1500230784,1657.760000000000,0.107596200000
1500230784,1657.760000000000,0.080530720000
1500230784,1657.760000000000,0.232488140000
1500230792,1657.760000000000,0.015800000000
1500230792,1657.760000000000,0.000000030000
1500230792,1657.760000000000,1.196364740000
1500230792,1657.760000000000,0.000000030000
1500230792,1657.760000000000,0.000000030000
1500230792,1657.760000000000,0.000000030000
1500230795,1657.760000000000,0.015800000000
1500230799,1657.760000000000,0.908629580000
1500230801,1657.760000000000,0.999734840000
1500230807,1657.760000000000,0.223986290000
1500230807,1657.760000000000,0.243216590000
1500230807,1657.760000000000,0.223785950000
1500230807,1657.760000000000,0.000000010000
1500230807,1657.760000000000,0.016496660000
1500230807,1657.760000000000,0.000000030000
1500230807,1657.760000000000,0.000000030000
1500230807,1657.760000000000,0.104970520000
1500230807,1657.760000000000,0.000000030000
1500230807,1657.760000000000,0.426241440000
1500230807,1657.760000000000,0.000000030000
1500230810,1657.760000000000,0.280378630000
1500230812,1657.760000000000,0.323000000000
1500230814,1657.760000000000,0.100000000000
1500230816,1657.760000000000,2.062082580000
1500230816,1657.760000000000,0.014700000000
1500230816,1657.760000000000,1.188175350000
1500230821,1657.760000000000,0.379171980000
1500230821,1657.760000000000,2.145002510000
1500230825,1657.760000000000,5.000000000000
1500230832,1657.760000000000,0.000000030000
1500230832,1657.760000000000,0.979112970000
1500230832,1657.760000000000,0.020828020000
1500230832,1657.760000000000,0.000000030000
1500230832,1657.760000000000,0.000000030000
1500230832,1657.760000000000,0.000000030000
1500230839,1657.760000000000,1.400000000000
1500230849,1657.760000000000,3.084000000000
1500230849,1657.760000000000,0.049277590000
1500230852,1657.760000000000,0.119291580000
1500230852,1657.760000000000,1.213000000000
1500230852,1657.760000000000,0.266254320000
1500230859,1657.760000000000,0.072500000000
1500230871,1657.760000000000,0.000000030000
1500230871,1657.760000000000,0.021941110000
1500230871,1657.760000000000,0.000000030000
1500230871,1657.760000000000,0.000000030000
1500230871,1657.760000000000,0.000000030000
1500230871,1657.760000000000,0.000000030000
1500230883,1657.760000000000,0.025050000000
1500230883,1657.760000000000,0.001526640000
1500230898,1657.760000000000,0.241280000000
1500230909,1657.760000000000,0.010500000000
1500230920,1657.760000000000,1.769000000000
1500230927,1657.760000000000,3.000000000000
1500230928,1657.760000000000,11.030000000000
1500230928,1657.760000000000,0.134300000000
1500230928,1657.760000000000,7.000000000000
1500230928,1657.760000000000,5.000000000000
1500230935,1657.760000000000,0.013200000000
1500230942,1657.760000000000,3.000000000000
1500230946,1657.760000000000,3.000000000000
1500230946,1657.760000000000,0.140300000000
1500230961,1657.760000000000,0.000180960000
1500230965,1657.760000000000,5.000000000000
1500230970,1657.760000000000,0.211000000000
1500230971,1657.760000000000,0.000180960000
1500230971,1657.760000000000,0.174340160000
1500230971,1657.760000000000,4.825659840000
1500230980,1657.760000000000,0.053600000000
1500230980,1657.760000000000,1.024000000000
1500230988,1657.760000000000,16.100000000000
1500230988,1657.760000000000,10.480000000000
1500230988,1657.760000000000,0.122300000000
1500230991,1657.760000000000,0.025680000000
1500230994,1657.760000000000,5.000000000000
1500230994,1657.760000000000,11.210000000000
1500231001,1657.760000000000,0.751600000000
1500231001,1657.760000000000,17.800000000000
1500231001,1657.760000000000,0.109700000000
1500231001,1657.760000000000,0.108000000000
1500231001,1657.760000000000,0.021000000000
1500231010,1657.760000000000,0.169000000000
1500231010,1657.760000000000,0.031000000000
1500231013,1657.760000000000,0.013000000000
1500231019,1657.760000000000,0.064317810000
1500231022,1657.760000000000,5.000000000000
1500231026,1657.760000000000,3.190000000000
1500231030,1657.760000000000,0.300000000000
1500231033,1657.760000000000,0.000180960000
1500231033,1657.760000000000,5.000000000000
1500231042,1657.760000000000,0.122400000000
1500231042,1657.760000000000,3.000000000000
1500231042,1657.760000000000,0.058100000000
1500231046,1657.760000000000,0.015300000000
1500231046,1657.760000000000,0.043300000000
1500231050,1657.760000000000,0.040500000000
1500231050,1657.760000000000,3.350000000000
1500231050,1657.760000000000,3.190000000000
1500231057,1657.760000000000,1.213000000000
1500231057,1657.760000000000,0.084300000000
1500231060,1657.760000000000,3.010000000000
1500231067,1657.760000000000,0.012400000000
1500231068,1657.760000000000,0.063481310000
1500231068,1657.760000000000,19.450000000000
1500231071,1657.760000000000,0.190000000000
1500231071,1657.760000000000,3.010000000000
1500231078,1657.760000000000,0.077700000000
1500231078,1657.760000000000,3.010000000000
1500231079,1657.760000000000,0.118597450000
1500231079,1657.760000000000,9.000000000000
1500231079,1657.760000000000,0.881402550000
1500231083,1657.760000000000,2.753300000000
1500231091,1657.760000000000,0.190000000000
1500231105,1657.760000000000,2.000000000000
1500231111,1657.760000000000,0.018828070000
1500231111,1657.760000000000,5.570000000000
1500231114,1657.760000000000,0.362000000000
1500231121,1657.760000000000,0.087300000000
1500231128,1657.760000000000,0.118200000000
1500231128,1657.760000000000,0.190000000000
1500231128,1657.760000000000,2.810000000000
1500231128,1657.760000000000,4.860000000000
1500231132,1657.760000000000,0.198608790000
1500231138,1657.760000000000,2.000000000000
1500231138,1657.760000000000,3.000000000000
1500231138,1657.760000000000,5.000000000000
1500231138,1657.760000000000,0.190000000000
1500231145,1657.760000000000,0.121700000000
1500231145,1657.760000000000,0.106400000000
1500231145,1657.760000000000,0.016400000000
1500231145,1657.760000000000,0.043300000000
1500231148,1657.760000000000,1.213000000000
1500231156,1657.760000000000,0.017800000000
1500231163,1657.760000000000,12.035509210000
1500231163,1657.760000000000,5.000000000000
1500231163,1657.760000000000,4.964490790000
1500231163,1657.760000000000,0.110300000000
1500231167,1657.760000000000,0.499999800000
1500231167,1657.760000000000,0.000000200000
1500231170,1657.760000000000,0.103000000000
1500231173,1657.760000000000,0.683000000000
1500231174,1657.760000000000,0.031400000000
1500231178,1657.760000000000,0.100000000000
1500231178,1657.760000000000,0.077200000000
1500231178,1657.760000000000,0.106800000000
1500231178,1657.760000000000,0.100000000000
1500231187,1657.760000000000,12.000000000000
1500231187,1657.760000000000,0.025463320000
1500231187,1657.760000000000,2.289185230000
1500231190,1657.760000000000,3.351419950000
1500231190,1657.760000000000,3.000000000000
1500231190,1657.760000000000,0.000068620000
1500231190,1657.760000000000,1.648442240000
1500231190,1657.760000000000,0.000069190000
1500231193,1657.760000000000,0.031642900000
1500231193,1657.760000000000,0.002196800000
1500231196,1657.760000000000,0.071350030000
1500231202,1657.760000000000,0.055712000000
1500231202,1657.760000000000,0.022084020000
1500231219,1657.760000000000,0.001000000000
1500231224,1657.760000000000,1.496237200000
1500231225,1657.760000000000,0.496203910000
1500231225,1657.760000000000,0.503762800000
1500231225,1657.760000000000,0.110700000000
1500231225,1657.760000000000,0.598537200000
1500231225,1657.760000000000,0.000058890000
1500231225,1657.760000000000,1.101800000000
1500231230,1657.760000000000,2.000000000000
1500231241,1657.760000000000,2.198200000000
1500231246,1657.760000000000,3.700000000000
1500231246,1657.760000000000,1.000000000000
1500231252,1657.760000000000,0.108600000000
1500231276,1657.760000000000,0.047900000000
1500231280,1657.760000000000,0.005205220000
1500231280,1657.760000000000,0.443890870000
1500231281,1657.760000000000,0.000067070000
1500231281,1657.760000000000,0.069802060000
1500231281,1657.760000000000,0.000066860000
1500231281,1657.760000000000,0.000065780000
1500231281,1657.760000000000,0.000066080000
1500231281,1657.760000000000,0.000066500000
1500231281,1657.760000000000,0.000064170000
1500231281,1657.760000000000,0.000059620000
1500231281,1657.760000000000,0.000059140000
1500231281,1657.760000000000,0.000059010000
1500231281,1657.760000000000,0.000063750000
1500231281,1657.760000000000,0.100000000000
1500231306,1657.760000000000,0.010000000000
1500231315,1657.760000000000,0.070442800000
1500231315,1657.760000000000,0.180197940000
1500231315,1657.760000000000,0.000059260000
1500231320,1657.760000000000,0.086000000000
1500231320,1657.760000000000,0.012000000000
1500231334,1657.760000000000,2.000000000000
1500231343,1657.760000000000,0.004913330000
1500231343,1657.760000000000,0.114600000000
1500231344,1657.760000000000,0.241400000000
1500231344,1657.760000000000,0.055739000000
1500231360,1657.760000000000,0.014300000000
1500231360,1657.760000000000,0.052304870000
1500231360,1657.760000000000,0.010500000000
1500231360,1657.760000000000,0.644641000000
1500231360,1657.760000000000,0.122600000000
1500231379,1660.000000000000,1.000000000000
1500231379,1659.679000000000,0.026500000000
1500231379,1658.999000000000,0.014300000000
1500231379,1659.678000000000,0.152857100000
1500231379,1659.678000000000,0.847142900000
1500231379,1659.678000000000,0.064800000000
1500231379,1659.678000000000,0.090700000000
1500231379,1659.679000000000,0.000615360000
1500231379,1660.099000000000,0.107900000000
1500231379,1660.000000000000,0.186782700000
1500231381,1661.894000000000,1.156250000000
1500231386,1662.760000000000,0.362900000000
1500231386,1662.997000000000,0.012700000000
1500231386,1663.000000000000,4.000000000000
1500231386,1661.894000000000,0.115322360000
1500231386,1663.579000000000,0.362600000000
1500231386,1662.760000000000,0.115800000000
1500231386,1662.760000000000,0.183200000000
1500231389,1663.580000000000,0.362900000000
1500231389,1663.580000000000,3.574000000000
1500231389,1663.580000000000,0.308275900000
1500231389,1663.580000000000,0.056254100000
1500231389,1663.580000000000,0.088844550000
1500231389,1663.580000000000,0.055739000000
1500231389,1663.580000000000,0.083639000000
1500231389,1663.580000000000,0.036209630000
1500231389,1663.244000000000,0.000000030000
1500231389,1663.244000000000,0.000000030000
1500231389,1663.244000000000,0.000000030000
1500231389,1663.244000000000,0.000000030000
1500231389,1663.244000000000,0.000000030000
1500231396,1660.222000000000,0.037300150000
1500231396,1660.222000000000,0.148651180000
1500231396,1661.893000000000,0.183200000000
1500231396,1660.222000000000,0.009999850000
1500231400,1662.662000000000,0.001019280000
1500231400,1663.244000000000,0.167300000000
1500231400,1663.244000000000,0.000000030000
1500231402,1663.244000000000,0.452453310000
1500231402,1663.244000000000,0.057600000000
1500231402,1663.244000000000,0.042500000000
1500231402,1663.244000000000,0.013900000000
1500231402,1663.244000000000,0.326400000000
1500231402,1663.579000000000,0.112981690000
1500231403,1668.500000000000,0.096900000000
1500231403,1663.580000000000,0.197641690000
1500231403,1668.488000000000,0.121997520000
1500231403,1668.489000000000,0.047200000000
1500231403,1668.489000000000,0.047200000000
1500231403,1663.580000000000,0.267775950000
1500231403,1666.049000000000,0.013841780000
1500231403,1663.580000000000,0.410150180000
1500231403,1663.580000000000,0.200000000000
1500231403,1668.500000000000,0.107500000000
1500231403,1668.500000000000,0.107400000000
1500231403,1663.579000000000,0.002818310000
1500231406,1663.244000000000,0.119671370000
1500231406,1666.048000000000,0.001997100000
1500231406,1669.494000000000,0.000899300000
1500231406,1666.048000000000,0.025000000000
1500231406,1669.500000000000,1.065480000000
1500231406,1666.048000000000,0.088325260000
1500231406,1668.501000000000,1.669000000000
1500231406,1668.677000000000,0.000065330000
1500231409,1671.102000000000,0.019000000000
1500231409,1671.102000000000,0.005040630000
1500231409,1663.335000000000,0.000000030000
1500231409,1663.335000000000,0.000000030000
1500231409,1663.335000000000,0.000000030000
1500231409,1663.335000000000,0.059941770000
1500231409,1663.335000000000,0.000000030000
1500231409,1663.335000000000,0.000000030000
1500231416,1662.265000000000,0.000058080000
1500231416,1663.244000000000,0.114485020000
1500231416,1662.265000000000,0.693383530000
1500231416,1662.265000000000,0.190000000000
1500231419,1663.336000000000,0.000000030000
1500231419,1663.336000000000,0.000041920000
1500231419,1663.336000000000,0.000000030000
1500231419,1663.336000000000,0.000000030000
1500231419,1663.336000000000,0.000000030000
1500231419,1663.336000000000,0.000000030000
1500231422,1663.336000000000,0.000000030000
1500231422,1663.336000000000,0.000000030000
1500231422,1663.336000000000,0.000000030000
1500231422,1663.336000000000,0.000000030000
1500231422,1663.336000000000,0.000000030000
1500231424,1671.070000000000,0.000057780000
1500231424,1671.070000000000,0.204942220000
1500231424,1671.070000000000,0.169000000000
1500231424,1671.070000000000,0.031000000000
1500231424,1663.349000000000,0.000000030000
1500231424,1671.070000000000,0.050000000000
1500231424,1663.349000000000,0.000000030000
1500231424,1671.070000000000,0.200500000000
1500231424,1663.349000000000,0.000000030000
1500231424,1663.349000000000,0.000000030000
1500231424,1663.349000000000,0.000000030000
1500231427,1663.349000000000,0.049999850000
1500231427,1671.070000000000,2.344557780000
1500231427,1671.099000000000,0.911375360000
1500231427,1671.099000000000,1.661047540000
1500231427,1671.099000000000,0.053400000000
1500231427,1671.099000000000,0.047026910000
1500231427,1671.099000000000,1.454602090000
1500231427,1671.105000000000,0.001066250000
1500231427,1671.099000000000,0.067100000000
1500231427,1671.119000000000,0.005663100000
1500231427,1671.099000000000,0.529148100000
1500231427,1671.537000000000,0.089000000000
1500231427,1671.100000000000,0.047200000000
1500231427,1671.100000000000,0.124300000000
1500231427,1671.100000000000,0.019000000000
1500231427,1671.537000000000,0.089000000000
1500231427,1671.100000000000,0.047200000000
1500231427,1671.100000000000,0.042300000000
1500231427,1671.100000000000,0.107400000000
1500231440,1667.230000000000,0.156684100000
1500231440,1670.183000000000,3.215543820000
1500231444,1663.360000000000,0.146200000000
1500231465,1671.083000000000,0.089000000000
1500231465,1671.083000000000,0.089000000000
1500231469,1670.169000000000,0.000000180000
1500231469,1671.056000000000,0.089000000000
1500231469,1670.169000000000,0.088998770000
1500231469,1670.182000000000,0.121997520000
1500231469,1670.180000000000,0.089000000000
1500231469,1670.181000000000,0.121960900000
1500231469,1670.169000000000,0.000001050000
1500231497,1670.190000000000,0.002236980000
1500231497,1670.190000000000,0.172537470000
1500231497,1671.083000000000,0.641929150000
1500231497,1671.083000000000,0.080260850000
1500231500,1670.190000000000,0.119570020000
1500231521,1671.083000000000,0.120000000000
1500231521,1671.083000000000,0.074318260000
1500231521,1671.083000000000,0.000000180000
1500231521,1671.083000000000,0.122681560000
1500231526,1671.083000000000,0.000000050000
1500231526,1671.083000000000,0.004821430000
1500231526,1671.083000000000,0.012200000000
1500231526,1671.083000000000,0.262396490000
1500231526,1671.083000000000,0.001180000000
1500231526,1671.083000000000,0.000000050000
1500231526,1671.083000000000,0.000000050000
1500231526,1671.083000000000,0.043900000000
1500231526,1671.083000000000,0.038319030000
1500231526,1671.083000000000,0.000000050000
1500231530,1671.083000000000,0.150031780000
1500231530,1671.083000000000,0.041393920000
1500231530,1671.083000000000,0.000000050000
1500231530,1671.083000000000,0.186340000000
1500231530,1671.083000000000,0.150266030000
1500231530,1671.083000000000,0.109151070000
1500231530,1671.083000000000,1.000000000000
1500231530,1671.083000000000,0.000000030000
1500231530,1671.083000000000,1.898722550000
1500231530,1671.083000000000,0.118663420000
1500231530,1671.083000000000,0.421288140000
1500231535,1663.370000000000,0.195999520000
1500231539,1663.370000000000,0.043200000000
1500231545,1663.370000000000,0.011700000000
1500231545,1663.370000000000,0.220000000000
1500231545,1663.370000000000,0.758300000000
1500231545,1663.370000000000,0.182800000000
1500231555,1663.369000000000,0.155700000000
1500231559,1663.370000000000,0.322571470000
1500231565,1663.370000000000,0.072400000000
1500231565,1663.370000000000,0.127600000000
1500231569,1663.370000000000,0.007573990000
1500231572,1663.370000000000,0.069154850000
1500231575,1663.370000000000,0.072407710000
1500231575,1663.370000000000,0.118484700000
1500231575,1663.370000000000,0.060500000000
1500231575,1663.370000000000,0.098600000000
1500231575,1663.370000000000,0.448007590000
1500231575,1663.370000000000,0.027013930000
1500231575,1663.525000000000,0.056427750000
1500231575,1670.183000000000,0.024154990000
1500231575,1670.183000000000,0.483877990000
1500231575,1670.183000000000,0.000000180000
1500231575,1670.183000000000,0.000000180000
1500231575,1670.183000000000,0.000000180000
1500231576,1670.183000000000,0.000306580000
1500231581,1670.283000000000,0.100000000000
1500231581,1670.283000000000,0.289712120000
1500231586,1670.183000000000,0.016300000000
1500231590,1670.183000000000,0.003201560000
1500231598,1670.183000000000,0.016300000000
1500231602,1670.183000000000,0.290814890000
1500231602,1670.183000000000,0.001448450000
1500231602,1670.183000000000,0.000911100000
1500231602,1670.183000000000,0.006682610000
1500231602,1670.190000000000,0.022280420000
1500231609,1670.333000000000,0.080167400000
1500231609,1670.333000000000,0.303081570000
1500231609,1670.333000000000,0.201882880000
1500231613,1670.333000000000,0.003201560000
1500231627,1670.333000000000,0.016300000000
1500231630,1670.300000000000,0.149319580000
1500231630,1670.300000000000,0.327151560000
1500231630,1670.300000000000,0.412282990000
1500231654,1670.184000000000,0.072400000000
1500231654,1670.184000000000,0.127600000000
1500231654,1670.184000000000,0.018650630000
1500231664,1670.333000000000,0.076291370000
1500231671,1670.333000000000,0.028013690000
1500231677,1670.333000000000,0.028013690000
1500231685,1670.333000000000,0.092948200000
1500231685,1670.183000000000,0.107999970000
1500231685,1670.183000000000,0.185919010000
1500231685,1670.333000000000,0.000000030000
1500231685,1670.333000000000,0.134099500000
1500231685,1670.183000000000,0.000000030000
1500231685,1670.183000000000,0.262999970000
1500231685,1670.183000000000,0.000000030000
1500231689,1670.183000000000,0.269575440000
1500231693,1670.183000000000,0.305700000000
1500231693,1670.183000000000,0.155000000000
1500231693,1670.183000000000,0.476400000000
1500231693,1670.183000000000,0.064223010000
1500231696,1670.183000000000,0.121997520000
1500231696,1670.183000000000,0.155000000000
1500231704,1670.183000000000,0.031215260000
1500231704,1670.183000000000,0.353211550000
1500231704,1670.183000000000,0.076050450000
1500231704,1670.183000000000,0.008866780000
1500231704,1670.183000000000,0.208000000000
1500231708,1670.183000000000,0.031215260000
1500231708,1670.183000000000,0.003900000000
1500231712,1670.183000000000,0.019653770000
1500231712,1670.183000000000,0.134968100000
1500231712,1670.183000000000,0.093999580000
1500231712,1670.183000000000,0.080167400000
1500231717,1670.183000000000,0.032816040000
1500231717,1670.183000000000,1.000000000000
1500231721,1670.183000000000,0.032816040000
1500231725,1670.183000000000,0.077900000000
1500231729,1670.183000000000,0.006500000000
1500231729,1670.183000000000,0.201500000000
1500231732,1670.183000000000,0.000000030000
1500231732,1670.183000000000,5.634027670000
1500231732,1670.183000000000,3.073612420000
1500231732,1665.105000000000,0.000000030000
1500231732,1665.105000000000,0.016000000000
1500231732,1665.101000000000,0.000000030000
1500231732,1670.182000000000,0.100000000000
1500231732,1665.101000000000,0.038100000000
1500231732,1670.183000000000,0.000000030000
1500231732,1670.183000000000,0.107479240000
1500231732,1665.104000000000,0.000000030000
1500231732,1665.104000000000,0.486600000000
1500231732,1665.105000000000,0.013000000000
1500231737,1665.100000000000,0.000000030000
1500231737,1665.100000000000,0.300000000000
1500231737,1664.000000000000,0.000000030000
1500231737,1664.000000000000,1.000000000000
1500231737,1663.510000000000,0.000000030000
1500231737,1663.374000000000,0.000000030000
1500231737,1663.510000000000,0.059000000000
1500231737,1663.374000000000,44.792000000000
1500231737,1663.371000000000,0.000000030000
1500231737,1663.371000000000,7.068000000000
1500231740,1663.370000000000,0.000000030000
1500231740,1663.370000000000,0.240475000000
1500231740,1663.000000000000,0.000000030000
1500231740,1663.000000000000,0.045480620000
1500231740,1663.000000000000,0.034034650000
1500231740,1663.000000000000,0.575349010000
1500231740,1663.000000000000,0.894255350000
1500231740,1663.000000000000,0.789650990000
1500231740,1663.690000000000,0.000000030000
1500231740,1663.690000000000,4.723413630000
1500231740,1663.000000000000,0.000100000000
1500231740,1662.253000000000,0.010600000000
1500231740,1663.000000000000,0.661129380000
1500231740,1663.000000000000,1.000000000000
1500231740,1662.760000000000,0.000000030000
1500231740,1662.253000000000,0.000000030000
1500231740,1662.253000000000,0.141800000000
1500231740,1662.253000000000,0.108600000000
1500231740,1662.760000000000,0.000000040000
1500231740,1662.760000000000,2.883613790000
1500231740,1662.760000000000,2.061475010000
1500231740,1662.760000000000,0.054911160000
1500231743,1664.001000000000,0.000000030000
1500231743,1664.001000000000,0.845554690000
1500231743,1658.999000000000,0.000000030000
1500231743,1658.100000000000,0.001010830000
1500231743,1658.999000000000,0.037402550000
1500231743,1658.100000000000,0.000000030000
1500231743,1658.244000000000,0.000000030000
1500231743,1658.244000000000,0.001008650000
1500231743,1657.941000000000,0.000000030000
1500231743,1657.941000000000,3.000000000000
1500231758,1663.703000000000,0.059873670000
1500231770,1665.104000000000,0.010180800000
1500231770,1661.875000000000,0.010600000000
1500231770,1661.875000000000,0.108600000000
1500231770,1661.875000000000,0.030417190000
1500231770,1665.104000000000,0.014563630000
1500231770,1665.104000000000,0.000000030000
1500231770,1665.104000000000,0.000000030000
1500231770,1665.103000000000,0.000000030000
1500231770,1665.103000000000,0.000000030000
1500231770,1665.103000000000,0.000000030000
1500231773,1661.875000000000,0.109600000000
1500231773,1665.103000000000,0.109359270000
1500231773,1661.875000000000,0.138863730000
1500231773,1661.875000000000,0.111382810000
1500231773,1665.103000000000,0.000000030000
1500231773,1665.103000000000,0.000000030000
1500231774,1665.103000000000,0.000000030000
1500231774,1661.874000000000,0.007990660000
1500231774,1665.103000000000,0.000000030000
1500231774,1659.002000000000,0.522746700000
1500231774,1665.103000000000,0.000000030000
1500231791,1659.000000000000,0.000056830000
1500231791,1659.000000000000,0.025543170000
1500231791,1659.999000000000,0.200000000000
1500231791,1659.999000000000,0.149900000000
1500231791,1659.999000000000,0.012700000000
1500231795,1660.000000000000,0.010700000000
1500231795,1660.000000000000,1.204000000000
1500231804,1663.000000000000,0.300000000000
1500231810,1663.000000000000,0.048019200000
1500231813,1663.000000000000,0.738758650000
1500231817,1660.016000000000,2.815335010000
1500231817,1660.016000000000,0.075700000000
1500231817,1660.016000000000,0.124964990000
1500231817,1660.016000000000,0.000110000000
1500231820,1663.000000000000,0.013468560000
1500231824,1663.000000000000,0.386408070000
1500231830,1663.869000000000,3.016000000000
1500231833,1666.000000000000,0.027900000000
1500231854,1666.000000000000,0.079977210000
1500231854,1666.000000000000,0.062082390000
1500231861,1666.000000000000,0.143968000000
1500231865,1666.000000000000,0.081500000000
1500231868,1666.000000000000,0.634867790000
1500231868,1666.000000000000,0.000000030000
1500231877,1660.258000000000,0.058616940000
1500231877,1660.258000000000,0.296843920000
1500231881,1660.258000000000,0.651785080000
1500231881,1660.258000000000,0.003156080000
1500231881,1660.258000000000,0.176757740000
1500231881,1660.258000000000,0.171457180000
1500231881,1660.258000000000,0.437000000000
1500231881,1660.258000000000,0.013200000000
1500231881,1660.258000000000,0.290000000000
1500231881,1660.258000000000,0.108014920000
1500231881,1660.258000000000,0.016375560000
1500231881,1660.258000000000,0.026285080000
1500231881,1660.258000000000,0.020000000000
1500231881,1660.258000000000,0.021300000000
1500231881,1660.258000000000,0.023300000000
1500231884,1660.258000000000,0.160708290000
1500231886,1660.258000000000,0.056032000000
1500231887,1660.274000000000,0.085968000000
1500231887,1660.258000000000,0.108000000000
1500231892,1660.424000000000,1.000000000000
1500231895,1662.000000000000,0.000000030000
1500231895,1660.275000000000,0.099943240000
1500231895,1662.000000000000,0.000000030000
1500231895,1662.000000000000,0.000000030000
1500231895,1662.000000000000,0.000000030000
1500231895,1662.000000000000,0.000000030000
1500231901,1660.275000000000,0.000056610000
1500231901,1660.275000000000,0.286129850000
1500231901,1661.999000000000,0.015800000000
1500231901,1660.275000000000,0.000100000000
1500231902,1660.275000000000,0.000000030000
1500231902,1660.275000000000,0.712453150000
1500231902,1660.275000000000,0.115588520000
1500231902,1660.275000000000,0.171958330000
1500231902,1660.275000000000,0.000043360000
1500231902,1660.275000000000,0.000000030000
1500231902,1660.275000000000,0.094700000000
1500231902,1660.275000000000,0.000000030000
1500231902,1661.999000000000,0.000100000000
1500231902,1661.999000000000,0.027863000000
1500231902,1660.275000000000,0.000000030000
1500231902,1660.275000000000,0.000000030000
1500231905,1660.478000000000,0.000056490000
1500231905,1661.999000000000,0.114000000000
1500231905,1661.999000000000,0.321600000000
1500231905,1660.478000000000,0.000056680000
1500231905,1660.478000000000,17.482501560000
1500231905,1661.999000000000,0.114100000000
1500231905,1661.999000000000,0.041400000000
1500231905,1662.000000000000,6.584123370000
1500231905,1663.112000000000,0.321600000000
1500231905,1663.112000000000,0.041400000000
1500231905,1665.000000000000,5.074620000000
1500231905,1664.998000000000,0.121997520000
1500231908,1666.000000000000,0.108200000000
1500231908,1666.000000000000,0.666357760000
1500231908,1666.000000000000,0.084000000000
1500231908,1666.000000000000,1.975132180000
1500231908,1667.050000000000,7.833000000000
1500231908,1667.000000000000,3.015680000000
1500231908,1667.049000000000,0.281088700000
1500231908,1667.979000000000,0.066300000000
1500231914,1669.352000000000,0.000000030000
1500231914,1669.352000000000,5.752785740000
1500231921,1666.424000000000,0.995967780000
1500231927,1666.999000000000,0.001527830000
1500231927,1666.999000000000,0.013871810000
1500231927,1666.999000000000,0.033109890000
1500231936,1668.000000000000,0.000000030000
1500231936,1668.000000000000,0.036300000000
1500231938,1663.352000000000,0.061218300000
1500231941,1663.330000000000,0.500000000000
1500231941,1663.330000000000,0.499000000000
1500231941,1663.869000000000,0.000000030000
1500231941,1663.352000000000,0.059011700000
1500231941,1663.330000000000,0.000000030000
1500231944,1663.869000000000,0.024040000000
1500231944,1666.998000000000,0.120000000000
1500231944,1666.998000000000,0.091700000000
1500231944,1666.998000000000,0.000699970000
1500231944,1666.998000000000,0.845554690000
1500231944,1666.998000000000,0.548204450000
1500231944,1667.266000000000,0.001527390000
1500231944,1667.265000000000,0.084000000000
1500231944,1667.527000000000,0.089000000000
1500231944,1667.265000000000,0.066300000000
1500231946,1663.330000000000,0.059786890000
1500231946,1667.538000000000,0.089000000000
1500231946,1663.320000000000,0.005660970000
1500231946,1663.320000000000,0.118143030000
1500231946,1667.538000000000,0.089000000000
1500231946,1663.320000000000,0.000000030000
1500231946,1667.540000000000,2.891186610000
1500231946,1667.540000000000,0.000100000000
1500231946,1662.000000000000,0.000000030000
1500231947,1661.453000000000,0.000000030000
1500231947,1662.000000000000,2.000000000000
1500231947,1661.453000000000,0.000000030000
1500231947,1661.453000000000,0.000000030000
1500231948,1662.000000000000,0.000000030000
1500231948,1662.000000000000,0.000000030000
1500231948,1662.000000000000,0.000000030000
1500231948,1662.000000000000,0.000000030000
1500231948,1662.000000000000,0.000000030000
1500231950,1663.321000000000,0.000000030000
1500231950,1663.321000000000,0.000000030000
1500231950,1663.321000000000,0.000000030000
1500231950,1663.321000000000,0.000000030000
1500231950,1663.321000000000,0.000000030000
1500231953,1663.321000000000,0.000000030000
1500231953,1663.321000000000,0.000000030000
1500231953,1663.321000000000,0.000000030000
1500231953,1663.321000000000,0.000000030000
1500231953,1663.321000000000,0.000000030000
1500231955,1663.321000000000,0.000000030000
1500231955,1663.321000000000,0.000000030000
1500231955,1663.321000000000,0.000000030000
1500231955,1663.321000000000,0.000000030000
1500231955,1663.321000000000,0.000000030000
1500231957,1662.001000000000,0.000000030000
1500231957,1662.001000000000,0.000000030000
1500231957,1662.001000000000,0.000000030000
1500231957,1662.001000000000,0.000000030000
1500231957,1662.001000000000,0.000000030000
1500231961,1663.322000000000,0.000000030000
1500231961,1663.322000000000,0.000044660000
1500231961,1663.322000000000,0.000000030000
1500231961,1663.322000000000,0.000000030000
1500231961,1663.322000000000,0.000000030000
1500231961,1663.322000000000,0.000000030000
1500231963,1666.116000000000,0.000000030000
1500231963,1666.116000000000,0.000000030000
1500231963,1663.322000000000,0.609943580000
1500231963,1666.116000000000,0.000000030000
1500231963,1666.116000000000,0.000000030000
1500231963,1666.116000000000,0.000000030000
1500231966,1663.322000000000,0.000055000000
1500231966,1666.115000000000,0.099945000000
1500231966,1663.322000000000,0.000000030000
1500231966,1663.322000000000,0.000000030000
1500231966,1663.322000000000,0.000000150000
1500231966,1663.322000000000,0.000000030000
1500231966,1663.322000000000,0.000000030000
1500231966,1663.322000000000,0.000000030000
1500231968,1661.453000000000,0.000000030000
1500231968,1661.453000000000,0.000000030000
1500231968,1661.453000000000,0.000000030000
1500231968,1661.453000000000,0.000000030000
1500231968,1661.453000000000,0.000000030000
1500231971,1662.111000000000,0.000000030000
1500231971,1662.111000000000,0.000000030000
1500231971,1662.111000000000,0.000000030000
1500231971,1662.111000000000,0.000000030000
1500231971,1662.111000000000,0.000000030000
1500231974,1662.111000000000,0.000000030000
1500231974,1662.111000000000,0.000000030000
1500231974,1662.111000000000,0.000000030000
1500231974,1662.111000000000,0.000000030000
1500231974,1662.111000000000,0.000000030000
1500231976,1662.111000000000,0.300000000000
1500231976,1666.102000000000,0.024590000000
1500231976,1662.111000000000,0.076250100000
1500231976,1662.111000000000,0.000054440000
1500231976,1666.115000000000,0.089000000000
1500231976,1666.102000000000,0.089000000000
1500231976,1666.115000000000,0.052629050000
1500231976,1666.115000000000,0.085284050000
1500231976,1662.111000000000,0.000000030000
1500231976,1661.454000000000,0.000000030000
1500231976,1661.454000000000,0.000000030000
1500231976,1661.454000000000,0.000000030000
1500231976,1661.454000000000,0.000000030000
1500231976,1661.454000000000,0.199945530000
1500231979,1661.508000000000,1.827857230000
1500231997,1666.090000000000,0.000000030000
1500231997,1666.090000000000,0.000000030000
1500231997,1666.090000000000,0.000000030000
1500231997,1666.090000000000,0.000000030000
1500231997,1666.090000000000,0.000000030000
1500231997,1665.000000000000,0.279427250000
1500232070,1665.000000000000,0.300000000000
1500232085,1664.999000000000,4.252500000000
1500232094,1658.271000000000,0.015900000000
1500232094,1658.271000000000,0.290000000000
1500232101,1662.271000000000,0.000000030000
1500232101,1662.271000000000,5.468072750000
1500232113,1662.273000000000,0.000000030000
1500232113,1662.273000000000,0.160180000000
1500232121,1659.894000000000,0.000000030000
1500232121,1658.382000000000,0.175175760000
1500232121,1659.894000000000,0.000000030000
1500232121,1659.894000000000,0.000000030000
1500232121,1659.894000000000,0.000000030000
1500232121,1659.894000000000,0.000000030000
1500232124,1659.894000000000,0.000000030000
1500232124,1659.894000000000,0.000000030000
1500232124,1659.894000000000,0.000000030000
1500232124,1659.894000000000,0.000000030000
1500232124,1659.894000000000,0.000000030000
1500232127,1659.894000000000,0.000000030000
1500232127,1659.894000000000,0.000000030000
1500232127,1659.894000000000,0.000000030000
1500232127,1659.894000000000,0.000000030000
1500232127,1659.894000000000,0.000000030000
1500232138,1658.271000000000,1.900000000000
1500232138,1658.271000000000,0.300000000000
1500232144,1658.271000000000,0.091000000000
1500232144,1658.271000000000,0.000100000000
1500232150,1658.271000000000,0.002773050000
1500232163,1659.090000000000,0.000000030000
1500232163,1659.090000000000,0.000000030000
1500232163,1658.271000000000,0.011638250000
1500232163,1659.090000000000,0.000000030000
1500232163,1658.271000000000,0.022300000000
1500232163,1659.090000000000,0.000000030000
1500232163,1658.334000000000,1.999999970000
1500232163,1658.334000000000,0.022700030000
1500232163,1659.090000000000,0.000000030000
1500232173,1658.382000000000,0.000000030000
1500232173,1658.382000000000,0.000000030000
1500232173,1658.382000000000,0.000000030000
1500232173,1658.280000000000,0.308430230000
1500232173,1658.287000000000,0.291516080000
1500232173,1658.382000000000,0.000000030000
1500232173,1658.382000000000,0.000000030000
1500232178,1658.271000000000,0.034800000000
1500232178,1658.280000000000,0.059955270000
1500232187,1658.271000000000,0.837651060000
1500232197,1658.882000000000,0.002627740000
1500232200,1658.280000000000,0.057555720000
1500232200,1659.030000000000,0.000000030000
1500232200,1659.030000000000,0.000000030000
1500232200,1658.280000000000,0.800088700000
1500232200,1658.272000000000,0.029700000000
1500232200,1658.272000000000,0.111088010000
1500232200,1659.030000000000,0.000000030000
1500232200,1658.271000000000,8.709199780000
1500232200,1659.030000000000,0.000000030000
1500232200,1659.030000000000,0.000000030000
1500232202,1659.030000000000,0.511051630000
1500232203,1659.030000000000,0.209048930000
1500232207,1658.271000000000,0.058462000000
1500232207,1658.271000000000,0.015678750000
1500232210,1658.271000000000,0.000000030000
1500232210,1658.271000000000,0.000000030000
1500232210,1658.271000000000,0.000000030000
1500232210,1658.271000000000,0.000000030000
1500232210,1658.271000000000,0.000000030000
1500232213,1658.271000000000,0.000000030000
1500232213,1658.271000000000,0.004080000000
1500232214,1658.271000000000,0.093590440000
1500232214,1658.271000000000,0.000000030000
1500232214,1658.271000000000,0.000000030000
1500232214,1658.271000000000,0.000000030000
1500232214,1658.271000000000,0.000000030000
1500232216,1658.271000000000,0.000000030000
1500232216,1658.271000000000,0.000000030000
1500232216,1658.271000000000,0.000000030000
1500232216,1658.271000000000,0.000000030000
1500232216,1658.271000000000,0.000000030000
1500232219,1658.271000000000,0.300000000000
1500232220,1658.271000000000,0.000000030000
1500232220,1658.271000000000,0.000000030000
1500232220,1658.271000000000,0.000000030000
1500232220,1658.271000000000,0.000000030000
1500232220,1658.271000000000,0.000000030000
1500232223,1658.271000000000,0.000000030000
1500232223,1658.271000000000,0.499947220000
1500232223,1658.271000000000,0.000000030000
1500232223,1658.271000000000,0.000000030000
1500232223,1658.271000000000,0.000000030000
1500232223,1658.271000000000,0.000000030000
1500232226,1658.271000000000,0.000000030000
1500232226,1658.271000000000,0.000000030000
1500232226,1658.271000000000,0.000000030000
1500232226,1658.271000000000,0.000000030000
1500232226,1658.271000000000,0.000000030000
1500232229,1658.271000000000,0.078793270000
1500232229,1658.271000000000,0.000000030000
1500232229,1658.271000000000,0.000000030000
1500232229,1658.271000000000,0.000000030000
1500232229,1658.271000000000,0.000000030000
1500232229,1658.271000000000,0.000000030000
1500232236,1657.927000000000,0.073200000000
1500232236,1658.000000000000,0.000000030000
1500232236,1658.000000000000,0.000000030000
1500232236,1657.925000000000,2.000300000000
1500232236,1657.925000000000,1.122196240000
1500232236,1657.925000000000,1.002809310000
1500232236,1658.000000000000,0.000000030000
1500232236,1657.761000000000,0.104790070000
1500232236,1658.000000000000,0.000000030000
1500232236,1657.760000000000,6.109309140000
1500232236,1657.760000000000,0.500000000000
1500232236,1657.760000000000,0.006000000000
1500232236,1657.760000000000,0.282102410000
1500232236,1657.926000000000,0.395000000000
1500232236,1658.000000000000,0.000000030000
1500232236,1657.925000000000,0.147897330000
1500232236,1657.925000000000,0.896777960000
1500232236,1657.925000000000,0.302812580000
1500232236,1657.925000000000,0.100300000000
1500232236,1657.925000000000,0.090300000000
1500232239,1658.000000000000,0.000000030000
1500232239,1655.302000000000,0.741000000000
1500232239,1657.759000000000,0.169323910000
1500232239,1657.000000000000,0.500000000000
1500232239,1657.000000000000,0.290382790000
1500232239,1658.000000000000,0.000000030000
1500232239,1655.898000000000,0.003124590000
1500232239,1657.759000000000,0.120000000000
1500232239,1658.000000000000,0.000000030000
1500232239,1657.450000000000,0.004234850000
1500232239,1658.000000000000,0.000000030000
1500232239,1657.759000000000,0.020000000000
1500232239,1657.759000000000,0.010000000000
1500232239,1657.759000000000,0.220000000000
1500232239,1657.759000000000,0.120000000000
1500232239,1658.000000000000,0.000000030000
1500232239,1657.759000000000,0.020000000000
1500232239,1657.759000000000,0.020000000000
1500232239,1657.759000000000,0.020000000000
1500232242,1658.000000000000,0.000000030000
1500232242,1655.300000000000,0.211822340000
1500232242,1658.000000000000,0.000000030000
1500232242,1658.000000000000,0.000000030000
1500232242,1657.760000000000,0.073200000000
1500232242,1658.000000000000,0.000000030000
1500232242,1658.000000000000,0.000000030000
1500232245,1657.999000000000,0.000000030000
1500232245,1657.999000000000,0.000000030000
1500232245,1657.999000000000,0.000000030000
1500232245,1657.999000000000,0.000000030000
1500232245,1657.999000000000,0.000000030000
1500232251,1655.301000000000,1.000000000000
1500232251,1655.301000000000,0.073200000000
1500232259,1655.300000000000,0.148048180000
1500232259,1655.300000000000,0.000000030000
1500232259,1655.300000000000,0.000000030000
1500232259,1655.300000000000,0.000000030000
1500232259,1655.300000000000,0.000000030000
1500232259,1655.300000000000,0.000000030000
1500232263,1655.300000000000,0.000000030000
1500232263,1655.300000000000,0.000000030000
1500232263,1655.300000000000,0.000000030000
1500232263,1655.300000000000,0.000000030000
1500232263,1655.300000000000,0.000000030000
1500232268,1655.300000000000,0.000000030000
1500232268,1655.300000000000,0.000000030000
1500232268,1655.300000000000,0.000000030000
1500232268,1655.300000000000,0.000000030000
1500232268,1655.300000000000,0.000000030000
1500232274,1655.300000000000,0.000000030000
1500232274,1655.300000000000,0.115548630000
1500232274,1655.300000000000,0.000000030000
1500232274,1655.300000000000,0.000000030000
1500232274,1655.300000000000,0.000000030000
1500232274,1655.300000000000,0.000000030000
1500232277,1655.300000000000,0.171319890000
1500232277,1655.300000000000,0.000000030000
1500232277,1655.300000000000,0.000000030000
1500232277,1655.300000000000,0.000000030000
1500232277,1655.300000000000,0.000000030000
1500232277,1655.300000000000,0.300000000000
1500232281,1655.300000000000,0.050000000000
1500232281,1655.300000000000,0.098400000000
1500232281,1655.300000000000,0.000000030000
1500232281,1655.300000000000,5.756537980000
1500232282,1655.300000000000,0.000000030000
1500232282,1655.300000000000,0.000000030000
1500232282,1655.300000000000,0.000000030000
1500232285,1655.300000000000,0.148400000000
1500232285,1655.300000000000,0.000000030000
1500232285,1655.300000000000,4.851549020000
1500232285,1655.300000000000,0.000000030000
1500232285,1655.300000000000,0.000000030000
1500232285,1655.300000000000,0.000000030000
1500232289,1655.300000000000,0.000000030000
1500232289,1655.300000000000,0.000000030000
1500232289,1655.300000000000,0.000000030000
1500232289,1655.300000000000,0.000000030000
1500232289,1655.300000000000,0.000000030000
1500232320,1655.300000000000,1.000000000000
1500232324,1655.300000000000,1.000000000000
1500232324,1655.300000000000,0.024505430000
1500232324,1655.300000000000,0.043688250000
1500232324,1655.300000000000,0.499000000000
1500232324,1655.300000000000,0.000000030000
1500232324,1655.300000000000,18.132755620000
1500232324,1655.300000000000,0.000000030000
1500232324,1655.300000000000,0.000000030000
1500232331,1655.300000000000,0.261064990000
1500232331,1655.300000000000,0.080200000000
1500232338,1655.300000000000,18.699949390000
1500232338,1655.300000000000,0.000000030000
1500232338,1655.300000000000,0.000000030000
1500232338,1655.300000000000,0.000000030000
1500232338,1655.300000000000,0.000000030000
1500232338,1655.300000000000,0.000000030000
1500232351,1655.300000000000,0.000000030000
1500232351,1655.300000000000,1.962468950000
1500232351,1655.300000000000,0.099550540000
1500232351,1655.000000000000,0.000000030000
1500232351,1655.000000000000,2.000000000000
1500232351,1654.204000000000,0.300000000000
1500232351,1654.204000000000,0.195990870000
1500232351,1654.204000000000,0.000000030000
1500232351,1654.100000000000,0.143348410000
1500232351,1654.101000000000,0.184100000000
1500232351,1654.204000000000,0.000000030000
1500232351,1654.204000000000,0.000000030000
1500232351,1654.204000000000,0.114490730000
1500232355,1651.811000000000,0.125860580000
1500232355,1651.645000000000,0.000000030000
1500232355,1654.100000000000,0.460980590000
1500232355,1651.811000000000,0.000000030000
1500232355,1652.012000000000,0.000000030000
1500232355,1651.813000000000,0.104000000000
1500232355,1652.012000000000,1.150000000000
1500232355,1651.813000000000,0.000000030000
1500232355,1654.100000000000,1.000000000000
1500232355,1654.204000000000,0.000000030000
1500232355,1651.645000000000,0.037258970000
1500232359,1651.000000000000,0.030284670000
1500232359,1650.317000000000,0.000000030000
1500232359,1650.317000000000,1.349664780000
1500232359,1650.317000000000,0.000000030000
1500232359,1651.620000000000,0.000000030000
1500232359,1651.620000000000,0.250000000000
1500232359,1651.000000000000,0.000000030000
1500232359,1652.012000000000,0.000000030000
1500232359,1652.012000000000,0.391900000000
1500232363,1650.317000000000,0.000000030000
1500232363,1650.317000000000,0.000000030000
1500232363,1650.317000000000,0.000000030000
1500232363,1650.317000000000,0.000000030000
1500232363,1650.317000000000,0.000000030000
1500232363,1650.317000000000,0.251953720000
1500232363,1650.317000000000,0.000053790000
1500232395,1650.317000000000,0.127511290000
1500232405,1651.000000000000,1.000000000000
1500232405,1651.000000000000,0.000000030000
1500232405,1650.330000000000,3.300000000000
1500232405,1651.000000000000,0.000000030000
1500232405,1651.000000000000,0.001166920000
1500232405,1650.317000000000,27.248783090000
1500232405,1651.000000000000,0.000000030000
1500232405,1651.000000000000,0.000000030000
1500232405,1651.000000000000,0.000000030000
1500232419,1650.317000000000,0.000000030000
1500232419,1650.317000000000,0.000000030000
1500232419,1650.317000000000,0.013190670000
1500232419,1650.317000000000,0.000000030000
1500232419,1650.317000000000,0.000000030000
1500232419,1650.317000000000,0.000000030000
1500232427,1650.317000000000,0.072177290000
1500232427,1650.317000000000,0.000000030000
1500232427,1650.317000000000,1.962153000000
1500232427,1650.317000000000,0.000000030000
1500232427,1650.317000000000,0.000000030000
1500232427,1650.317000000000,0.000000030000
1500232431,1650.317000000000,0.011000000000
1500232439,1650.317000000000,0.098187520000
1500232439,1650.317000000000,0.020000000000
1500232439,1650.317000000000,0.084516660000
1500232439,1650.317000000000,0.199686530000
1500232439,1650.317000000000,0.000000030000
1500232439,1650.317000000000,0.000000020000
1500232439,1650.317000000000,0.000000030000
1500232439,1650.317000000000,0.000000030000
1500232439,1650.317000000000,0.062488710000
1500232443,1650.317000000000,0.000000020000
1500232443,1650.001000000000,0.184600000000
1500232443,1650.317000000000,0.000000020000
1500232443,1650.000000000000,0.000000020000
1500232443,1650.317000000000,0.001576660000
1500232443,1650.317000000000,0.079008780000
1500232443,1650.317000000000,0.107640780000
1500232443,1650.317000000000,0.265000000000
1500232443,1650.000000000000,2.093939390000
1500232443,1650.000000000000,0.000606060000
1500232443,1648.488000000000,0.034881160000
1500232443,1650.000000000000,0.045000000000
1500232443,1649.645000000000,0.171599030000
1500232443,1650.000000000000,0.090909090000
1500232443,1649.717000000000,0.000000020000
1500232443,1650.317000000000,10.472208460000
1500232446,1648.488000000000,0.000000020000
1500232446,1648.488000000000,0.000000020000
1500232446,1648.488000000000,0.000000020000
1500232446,1648.488000000000,0.000000030000
1500232446,1648.488000000000,0.000000020000
1500232450,1648.488000000000,0.000000020000
1500232450,1648.488000000000,0.000000020000
1500232450,1648.488000000000,0.000000020000
1500232450,1648.488000000000,0.000000020000
1500232450,1648.488000000000,0.000000020000
1500232450,1648.488000000000,0.179352590000
1500232457,1648.488000000000,0.043769410000
1500232483,1648.488000000000,0.078090740000
1500232483,1648.488000000000,0.004020000000
1500232483,1648.488000000000,0.000000020000
1500232483,1648.488000000000,0.000000020000
1500232483,1648.488000000000,0.000000020000
1500232483,1648.488000000000,0.000000020000
1500232487,1648.488000000000,0.000000020000
1500232487,1648.488000000000,4.999950810000
1500232487,1648.488000000000,0.000000020000
1500232487,1648.488000000000,0.000000020000
1500232487,1648.488000000000,0.161971300000
1500232487,1648.488000000000,0.110146150000
1500232487,1648.488000000000,0.000000020000
1500232487,1648.488000000000,0.000000020000
1500232491,1648.488000000000,0.000000020000
1500232491,1648.488000000000,0.000000020000
1500232491,1648.488000000000,0.029950900000
1500232491,1648.488000000000,0.000000020000
1500232491,1648.488000000000,0.000000020000
1500232491,1648.488000000000,0.000000020000
1500232495,1648.488000000000,0.000000020000
1500232495,1648.488000000000,0.000000020000
1500232495,1648.488000000000,0.000000020000
1500232495,1648.488000000000,0.000000020000
1500232495,1648.488000000000,0.078329920000
1500232495,1648.488000000000,0.000000020000
1500232499,1648.488000000000,0.000000020000
1500232499,1648.488000000000,0.000000020000
1500232499,1648.488000000000,0.000000020000
1500232499,1648.488000000000,0.000000020000
1500232499,1648.488000000000,0.000000020000
1500232499,1648.488000000000,4.999951080000
1500232507,1648.488000000000,0.000000020000
1500232507,1648.488000000000,0.000000020000
1500232507,1648.488000000000,0.000000020000
1500232507,1648.488000000000,0.000000020000
1500232507,1648.488000000000,0.000000020000
1500232507,1648.488000000000,0.002896030000
1500232507,1648.488000000000,0.014303970000
1500232510,1648.488000000000,0.000000020000
1500232510,1648.488000000000,0.000000020000
1500232510,1648.488000000000,0.000000020000
1500232510,1648.488000000000,0.999960560000
1500232510,1648.488000000000,0.000000020000
1500232510,1648.488000000000,0.000000020000
1500232514,1648.488000000000,0.000000020000
1500232514,1648.488000000000,0.001511590000
1500232514,1648.488000000000,0.000000020000
1500232514,1648.488000000000,0.000000020000
1500232514,1648.488000000000,0.000000020000
1500232514,1648.488000000000,0.000000020000
1500232518,1648.488000000000,0.670000000000
1500232518,1648.488000000000,0.074680000000
1500232518,1648.488000000000,0.076380000000
1500232518,1648.488000000000,0.997103970000
1500232518,1648.488000000000,0.273000000000
1500232518,1648.488000000000,0.000424980000
1500232518,1648.488000000000,0.035600000000
1500232518,1648.488000000000,1.095940600000
1500232518,1648.488000000000,0.066100000000
1500232522,1648.488000000000,0.151654120000
1500232522,1648.488000000000,0.001213230000
1500232522,1648.488000000000,0.046300000000
1500232522,1648.488000000000,0.000000020000
1500232522,1648.488000000000,0.000000090000
1500232522,1648.488000000000,0.000000020000
1500232522,1648.488000000000,0.000000020000
1500232522,1648.488000000000,0.000000020000
1500232522,1648.488000000000,0.000000020000
1500232526,1648.488000000000,0.000000020000
1500232526,1648.488000000000,0.000000020000
1500232526,1648.488000000000,0.000000020000
1500232526,1648.488000000000,0.000000020000
1500232526,1648.488000000000,0.000000020000
1500232530,1647.680000000000,0.124828000000
1500232539,1648.000000000000,0.014000000000
1500232539,1648.000000000000,0.060528680000
1500232539,1648.000000000000,0.000000020000
1500232539,1648.000000000000,0.000000020000
1500232539,1648.000000000000,0.100000000000
1500232539,1648.000000000000,0.000000020000
1500232539,1647.999000000000,0.000000020000
1500232539,1647.999000000000,0.000000020000
1500232543,1647.677000000000,0.000000020000
1500232543,1647.677000000000,0.193163930000
1500232543,1647.677000000000,0.000000020000
1500232543,1647.677000000000,0.000000020000
1500232543,1647.677000000000,0.000000020000
1500232543,1647.677000000000,0.000000020000
1500232547,1647.677000000000,0.000000020000
1500232547,1647.677000000000,0.307589170000
1500232552,1647.071000000000,0.001131550000
1500232552,1647.488000000000,0.001213230000
1500232552,1647.488000000000,3.000000000000
1500232552,1647.071000000000,0.000000020000
1500232552,1647.071000000000,0.001000000000
1500232552,1647.071000000000,0.015707500000
1500232552,1647.071000000000,0.095292500000
1500232552,1647.070000000000,0.000000020000
1500232552,1647.070000000000,0.000000020000
1500232552,1647.070000000000,0.000000020000
1500232552,1647.070000000000,0.000000020000
1500232555,1647.488000000000,0.000051740000
1500232555,1647.488000000000,0.000049960000
1500232555,1647.488000000000,0.088469300000
1500232555,1647.070000000000,0.000000020000
1500232555,1647.070000000000,0.000000020000
1500232556,1647.070000000000,0.000000020000
1500232556,1647.070000000000,0.000000020000
1500232556,1647.070000000000,0.000000020000
1500232560,1647.070000000000,0.000000020000
1500232560,1647.070000000000,0.000000020000
1500232560,1647.070000000000,0.049951970000
1500232560,1647.070000000000,0.000000020000
1500232560,1647.070000000000,0.000000020000
1500232560,1647.070000000000,0.000000020000
1500232565,1647.070000000000,0.021761700000
1500232569,1647.070000000000,0.000000020000
1500232569,1647.070000000000,0.000000020000
1500232569,1647.070000000000,0.242096570000
1500232569,1647.070000000000,0.000000020000
1500232569,1647.070000000000,0.000000020000
1500232569,1647.070000000000,0.000000020000
1500232573,1647.070000000000,0.000000020000
1500232573,1647.070000000000,0.000000020000
1500232573,1647.070000000000,0.000000020000
1500232573,1647.070000000000,0.000000020000
1500232573,1647.070000000000,0.000000020000
1500232573,1647.070000000000,0.002420000000
1500232577,1647.070000000000,0.000000020000
1500232577,1647.070000000000,0.020897180000
1500232577,1647.070000000000,0.000000020000
1500232577,1647.070000000000,0.000000020000
1500232577,1647.070000000000,0.000000020000
1500232577,1647.070000000000,0.000000020000
1500232580,1647.070000000000,0.412000000000
1500232580,1647.070000000000,0.000000020000
1500232580,1647.070000000000,0.401811740000
1500232580,1647.070000000000,0.000000020000
1500232580,1647.070000000000,0.000000020000
1500232580,1647.070000000000,0.000000020000
1500232584,1647.070000000000,0.000000020000
1500232584,1647.070000000000,0.000000020000
1500232584,1647.070000000000,0.000000020000
1500232584,1647.070000000000,0.000000020000
1500232584,1647.070000000000,0.000000020000
1500232588,1647.070000000000,0.861000000000
1500232588,1647.070000000000,0.000000020000
1500232588,1647.070000000000,0.127983370000
1500232588,1647.070000000000,0.000000020000
1500232588,1647.070000000000,0.000000020000
1500232588,1647.070000000000,0.000000020000
1500232588,1647.070000000000,0.000000020000
1500232591,1647.070000000000,0.000000020000
1500232591,1647.070000000000,0.000000020000
1500232591,1647.070000000000,0.000000020000
1500232591,1647.070000000000,0.000000020000
1500232591,1647.070000000000,0.000000020000
1500232594,1647.070000000000,0.999952680000
1500232594,1647.070000000000,0.784252220000
1500232594,1647.070000000000,0.000048820000
1500232594,1647.070000000000,0.904707530000
1500232594,1647.070000000000,0.983292270000
1500232594,1647.070000000000,0.011539610000
1500232594,1647.070000000000,2.221867500000
1500232594,1647.070000000000,1.778132400000
1500232594,1647.184000000000,0.066159650000
1500232594,1647.184000000000,0.056088000000
1500232594,1647.070000000000,0.000000020000
1500232594,1647.071000000000,1.250000000000
1500232595,1647.070000000000,0.000000020000
1500232595,1647.070000000000,0.000000020000
1500232595,1647.070000000000,0.000000020000
1500232595,1647.070000000000,0.000000020000
1500232597,1647.070000000000,0.040652770000
1500232597,1647.070000000000,0.000000020000
1500232597,1647.070000000000,0.000000020000
1500232597,1647.070000000000,0.000000020000
1500232597,1647.070000000000,0.000000020000
1500232597,1647.070000000000,0.000000020000
1500232600,1647.070000000000,0.000000020000
1500232600,1647.070000000000,0.000000020000
1500232600,1647.070000000000,0.000047220000
1500232600,1647.070000000000,0.000000020000
1500232600,1647.070000000000,0.145412780000
1500232600,1647.070000000000,0.000000020000
1500232600,1647.070000000000,0.000000020000
1500232600,1647.070000000000,0.044252860000
1500232604,1647.070000000000,0.000047130000
1500232604,1647.070000000000,0.000047040000
1500232607,1647.488000000000,0.000000020000
1500232607,1647.488000000000,0.000000020000
1500232607,1647.488000000000,0.000000020000
1500232607,1647.488000000000,0.000000020000
1500232607,1647.071000000000,0.326823400000
1500232607,1647.488000000000,0.000000020000
1500232610,1647.071000000000,0.000000020000
1500232610,1647.071000000000,0.000000020000
1500232610,1647.071000000000,0.000000020000
1500232610,1647.071000000000,0.000000020000
1500232610,1647.071000000000,0.000000020000
1500232613,1647.179000000000,2.766930000000
1500232613,1647.179000000000,0.810222840000
1500232613,1647.179000000000,0.390261170000
1500232613,1647.179000000000,0.176446990000
1500232613,1647.488000000000,0.325471220000
1500232613,1647.179000000000,0.623068900000
1500232613,1648.000000000000,0.000048350000
1500232613,1648.485000000000,0.118400000000
1500232613,1648.486000000000,0.376680590000
1500232613,1648.487000000000,0.061913840000
1500232613,1648.487000000000,0.669654390000
1500232616,1647.179000000000,0.000000020000
1500232616,1648.488000000000,0.100744340000
1500232616,1648.488000000000,1.680901710000
1500232616,1647.179000000000,0.001000000000
1500232616,1647.072000000000,0.000000020000
1500232616,1647.072000000000,0.000000020000
1500232616,1647.072000000000,0.998953150000
1500232616,1647.072000000000,0.000000020000
1500232616,1647.072000000000,0.000000020000
1500232619,1647.071000000000,2.066484250000
1500232619,1647.071000000000,0.000000020000
1500232619,1647.071000000000,0.000000020000
1500232619,1647.072000000000,0.001046850000
1500232619,1647.071000000000,0.000000020000
1500232619,1648.488000000000,0.000000020000
1500232619,1648.488000000000,0.000000020000
1500232619,1647.180000000000,0.036600000000
1500232622,1647.071000000000,0.000000020000
1500232622,1647.071000000000,0.000000020000
1500232622,1647.071000000000,0.000000020000
1500232622,1647.071000000000,0.000000020000
1500232622,1647.071000000000,0.000000020000
1500232625,1647.071000000000,0.000000020000
1500232625,1647.071000000000,0.444990470000
1500232625,1647.071000000000,0.000000020000
1500232625,1647.071000000000,0.000000020000
1500232625,1647.071000000000,0.000000020000
1500232625,1647.071000000000,0.000000020000
1500232629,1647.071000000000,0.000046750000
1500232629,1647.071000000000,0.000046490000
1500232629,1648.487000000000,0.539259340000
1500232629,1648.488000000000,3.820601900000
1500232629,1649.375000000000,0.600000000000
1500232629,1649.714000000000,0.106100000000
1500232629,1649.714000000000,0.303333380000
1500232633,1647.071000000000,0.000000020000
1500232633,1649.715000000000,0.063362360000
1500232633,1649.715000000000,0.407336400000
1500232633,1649.715000000000,0.104949160000
1500232633,1649.715000000000,0.651600000000
1500232633,1649.887000000000,0.001544970000
1500232633,1650.000000000000,1.000000000000
1500232633,1647.180000000000,0.000000020000
1500232633,1650.879000000000,0.401819250000
1500232633,1650.879000000000,0.041111220000
1500232633,1647.180000000000,0.046200000000
1500232633,1647.071000000000,0.000000020000
1500232633,1647.071000000000,0.135702260000
1500232633,1647.071000000000,0.000000020000
1500232633,1647.071000000000,0.000000020000
1500232636,1647.072000000000,0.000000020000
1500232636,1647.072000000000,0.000000020000
1500232636,1647.072000000000,0.000000020000
1500232636,1647.072000000000,0.000000020000
1500232636,1647.072000000000,0.000000020000
1500232640,1647.072000000000,0.000046250000
1500232640,1647.071000000000,0.000000020000
1500232640,1649.714000000000,0.081911430000
1500232640,1647.072000000000,0.000000020000
1500232640,1647.071000000000,0.000000020000
1500232640,1647.072000000000,1.000000000000
1500232640,1647.071000000000,0.000000020000
1500232640,1647.071000000000,0.000000020000
1500232640,1647.071000000000,1.299953720000
1500232640,1649.714000000000,0.055068470000
1500232640,1649.714000000000,0.085414630000
1500232647,1649.714000000000,0.041000000000
1500232647,1649.714000000000,0.079600000000
1500232647,1649.714000000000,0.001214270000
1500232648,1649.714000000000,0.015837660000
1500232648,1649.714000000000,0.184800000000
1500232648,1650.878000000000,0.000000020000
1500232648,1649.715000000000,0.694600000000
1500232648,1647.073000000000,0.705000000000
1500232648,1650.878000000000,0.000000020000
1500232648,1650.878000000000,0.000000020000
1500232648,1649.714000000000,0.094038680000
1500232648,1650.878000000000,0.000000020000
1500232648,1649.714000000000,1.014497320000
1500232648,1647.071000000000,3.725951730000
1500232648,1647.071000000000,4.000000000000
1500232648,1650.878000000000,0.000000020000
1500232648,1647.070000000000,3.931498480000
1500232653,1647.072000000000,0.015715280000
1500232682,1647.070000000000,0.038965730000
1500232682,1647.070000000000,2.093445130000
1500232682,1647.070000000000,0.000046180000
1500232682,1647.071000000000,0.057946330000
1500232682,1647.071000000000,0.731000000000
1500232682,1647.070000000000,0.000000020000
1500232682,1647.070000000000,0.000046030000
1500232682,1648.000000000000,0.000000020000
1500232682,1648.000000000000,0.112331170000
1500232682,1648.000000000000,0.117562410000
1500232682,1647.070000000000,0.000000020000
1500232683,1647.070000000000,0.000000020000
1500232683,1647.070000000000,0.000000020000
1500232687,1647.070000000000,0.000000020000
1500232687,1647.070000000000,0.000000020000
1500232687,1647.070000000000,2.451333970000
1500232687,1647.070000000000,0.000000020000
1500232687,1647.070000000000,0.000000020000
1500232687,1647.070000000000,0.000000020000
1500232690,1647.070000000000,0.000000020000
1500232690,1647.070000000000,0.000000020000
1500232690,1647.070000000000,0.000000020000
1500232690,1647.070000000000,0.000000020000
1500232690,1647.070000000000,0.000000020000
1500232693,1647.070000000000,0.000000020000
1500232693,1647.070000000000,0.000000020000
1500232693,1647.070000000000,0.000000020000
1500232693,1647.070000000000,0.079954140000
1500232693,1647.070000000000,0.000000020000
1500232693,1647.070000000000,0.000000020000
1500232697,1647.070000000000,0.000046030000
1500232697,1647.070000000000,0.000045830000
1500232697,1647.070000000000,0.147400000000
1500232697,1647.070000000000,0.000045760000
1500232697,1648.000000000000,0.352462380000
1500232698,1647.070000000000,0.000000020000
1500232698,1647.070000000000,0.000000020000
1500232698,1647.070000000000,0.000000020000
1500232698,1647.070000000000,0.000000020000
1500232698,1647.070000000000,0.000000020000
1500232701,1648.000000000000,0.001214270000
1500232701,1648.000000000000,0.000424980000
1500232701,1647.070000000000,0.000000020000
1500232701,1647.071000000000,0.000000020000
1500232701,1647.071000000000,0.699000000000
1500232701,1647.070000000000,0.000000020000
1500232701,1647.070000000000,0.000000020000
1500232701,1647.070000000000,0.000000020000
1500232704,1647.070000000000,0.000000020000
1500232704,1647.070000000000,0.105854410000
1500232704,1647.070000000000,0.000000020000
1500232704,1647.070000000000,0.000000020000
1500232704,1647.070000000000,0.000000020000
1500232704,1647.070000000000,0.000000020000
1500232707,1647.070000000000,0.000000020000
1500232707,1647.070000000000,0.000000020000
1500232707,1647.070000000000,0.031354500000
1500232707,1647.070000000000,0.001214270000
1500232707,1647.070000000000,0.000000020000
1500232707,1647.070000000000,0.000000020000
1500232707,1647.070000000000,0.000000020000
1500232710,1647.070000000000,0.000000020000
1500232710,1647.070000000000,0.000000020000
1500232710,1647.070000000000,0.000000020000
1500232710,1647.070000000000,0.000000020000
1500232710,1647.070000000000,0.000000020000
1500232713,1647.070000000000,0.000000020000
1500232713,1647.070000000000,0.000000020000
1500232713,1647.070000000000,0.000000020000
1500232713,1647.070000000000,0.000000020000
1500232713,1647.070000000000,0.000000020000
1500232715,1647.070000000000,0.150000000000
1500232715,1647.070000000000,0.029754790000
1500232715,1647.070000000000,0.000000020000
1500232715,1647.070000000000,0.000000020000
1500232715,1647.070000000000,0.000000020000
1500232715,1647.070000000000,0.000000020000
1500232715,1647.070000000000,0.000000020000
1500232718,1647.070000000000,0.000000020000
1500232718,1647.070000000000,0.000000020000
1500232718,1647.070000000000,0.000000020000
1500232718,1647.070000000000,0.000000020000
1500232718,1647.070000000000,0.000000020000
1500232721,1647.070000000000,0.140786560000
1500232721,1647.999000000000,0.009843060000
1500232721,1647.070000000000,0.007359720000
1500232721,1647.070000000000,0.000045010000
1500232722,1647.070000000000,0.000000020000
1500232722,1647.999000000000,0.059456940000
1500232722,1647.070000000000,0.004954970000
1500232722,1648.000000000000,0.106162140000
1500232722,1647.070000000000,0.000000020000
1500232722,1647.070000000000,0.000000020000
1500232722,1647.070000000000,0.000000020000
1500232722,1647.070000000000,0.000000020000
1500232725,1647.071000000000,0.000000020000
1500232725,1647.071000000000,0.000000020000
1500232725,1647.071000000000,0.000000020000
1500232725,1647.071000000000,0.000000020000
1500232725,1647.071000000000,0.000000020000
1500232728,1647.071000000000,0.035500000000
1500232728,1647.071000000000,0.035000000000
1500232728,1647.071000000000,0.000044830000
1500232728,1648.000000000000,0.428031700000
1500232728,1649.193000000000,0.177686980000
1500232728,1649.194000000000,0.037420130000
1500232728,1647.071000000000,0.000000020000
1500232728,1647.071000000000,0.000000020000
1500232728,1647.071000000000,0.000000020000
1500232728,1647.071000000000,0.000000020000
1500232728,1647.071000000000,0.000000020000
1500232728,1647.071000000000,0.057955170000
1500232731,1649.194000000000,0.000000020000
1500232731,1649.194000000000,0.000000020000
1500232731,1649.194000000000,0.000000020000
1500232731,1648.000000000000,0.097103970000
1500232731,1649.194000000000,0.000000020000
1500232731,1649.194000000000,0.000000020000
1500232735,1649.194000000000,0.000000020000
1500232735,1648.001000000000,0.069453770000
1500232735,1649.194000000000,0.000000020000
1500232735,1649.194000000000,0.000000020000
1500232735,1649.194000000000,0.000000020000
1500232735,1649.194000000000,0.000000020000
1500232738,1649.193000000000,0.000000020000
1500232738,1648.001000000000,0.130606360000
